2584 4075
182 213 224 275 74
529 209 578 263 DE
597 207 714 265 BELLO
734 206 842 262 CIVILI

180 357 287 440 eopias
314 356 444 440 missas,
471 376 552 438 quae
578 353 690 439 paucis
717 352 881 436 equitibus
909 372 1001 433 pares
1029 371 1102 413 esse
1132 370 1201 413 non

144 453 366 538 apotuerint?
393 450 531 518 Proinde
555 452 596 517 ad
613 451 774 534 praedam,
792 449 833 512 ad
855 448 992 532 gloriam
1014 449 1202 530 properate,

180 554 216 615 ut
239 549 305 613 iam
327 549 365 613 de
383 547 533 633 praemiis
552 548 669 613 vestris
688 552 720 611 et
746 549 784 612 de
802 546 966 613 referenda
983 545 1091 631 gratia
1112 545 1202 628 eogi-

144 663 161 710 4
179 652 249 712 tare
271 645 481 729 incipiamus!
519 644 624 711 Erant
646 665 703 728 per
726 666 760 708 se
782 664 909 730 magna,
927 665 1008 727 quae
1028 646 1202 729 gesserant

179 744 314 829 equites,
336 742 525 827 praesertim
547 763 620 807 eum
648 763 759 809 eorum
780 741 916 825 exiguus
947 762 1100 805 numerus
1124 763 1203 805 eum

196 840 399 906 amul
385 840 496 905 tudine
509 836 723 905 Numidarum
741 838 948 903 conferretur
985 835 1074 903 Haec
1088 841 1203 901 tamen

181 939 249 1003 ab
240 937 319 1020 ipsis
338 936 482 1001 inflatius
496 935 789 1001 commemorabant
775 939 838 1019 t,ur
851 938 888 999 ut
873 936 947 999 tde
966 934 1034 997 suis
1048 933 1201 998 homines

147 1033 329 1099 alaudibus
357 1034 496 1099 libenter
522 1033 715 1118 praedicent.
765 987 849 1096 Mult
835 1037 869 1095 ta
895 1036 1061 1115 praeterea
1094 1032 1201 1115 spolia

181 1131 425 1215 proferebantur
387 1131 553 1217 ur,eapti
578 1129 725 1195 hemines
758 1128 896 1212 equique
928 1128 1200 1213 producebantur

181 1233 218 1294 ut
241 1229 429 1313 quidquid
419 1233 468 1293 mt
454 1228 629 1293 tereederet
651 1226 816 1310 temporis,
833 1224 895 1289 hoe
916 1247 1009 1288 omne
1027 1225 1200 1290 victoriam

181 1326 300 1390 morari
331 1325 501 1389 uideretur.
546 1324 598 1389 Ita
630 1325 699 1408 spei
733 1321 883 1389 Curionis
915 1322 1000 1385 milit
986 1323 1058 1386 tum
1090 1325 1200 1388 studia

147 1439 248 1488 enon
275 1422 413 1486 deerant.
391 1421 566 1505 tEquit
567 1443 601 1485 es
630 1420 722 1505 sequi
748 1420 839 1484 iubet
867 1441 935 1484 sese
964 1419 1092 1579 iterque
1115 1444 1200 1486 auce

182 1521 329 1603 leratu
307 1523 475 1602 utquam
505 1519 643 1583 maxime
675 1540 727 1581 ex
745 1517 823 1600 fuga
854 1516 1044 1600 perterritos
1078 1519 1200 1585 adoriri

182 1619 300 1702 posset.
278 1614 391 1680 ιΑι
414 1615 511 1679 illit
484 1614 636 1679 rtineret
638 1616 724 1679 otius
752 1619 827 1683 noot
828 1615 856 1677 is
813 1614 1015 1679 teonfeeti
989 1616 1200 1701 tisubsequi

182 1737 248 1779 non
270 1716 461 1797 poteranta
461 1715 538 1797 tque
561 1712 618 1776 alii
636 1712 699 1776 alio
718 1712 789 1776 loeo
807 1712 904 1775 resist
890 1710 1010 1776 t.ebant
1048 1711 1100 1779 Ne
1121 1714 1199 1779 haee

184 1812 311 1896 quidem
333 1832 383 1873 res
408 1807 580 1875 Curionem
603 1810 643 1873 ad
667 1831 756 1892 spem
778 1810 925 1875 morabut
911 1815 973 1873 tur.

150 1928 162 1973 1
248 1906 378 1973 XXXX.
415 1907 495 1973 Iuba
518 1907 635 1972 certior
658 1907 761 1971 faetus
781 1930 800 1970 a
818 1905 959 1972 Saburra
980 1907 1018 1972 de
1036 1913 1198 1976 nocturno

183 2006 304 2090 proelio
337 2023 363 2069 11
393 2005 484 2072 milia
515 2003 735 2115 Hispanorum
773 2009 805 2069 et
791 2001 1006 2070 tGallo'rum
1042 2006 1190 2089 equitum
1135 2031 1200 2091 um,

184 2125 264 2186 quos
288 2125 363 2167 suae
386 2104 549 2167 custodiae
573 2124 668 2166 eausa
692 2102 811 2167 eireum
830 2124 864 2165 se
882 2100 999 2166 habere
1018 2110 1199 2189 consuerat,

183 2199 383 2283 ettpedium
328 2223 475 2265 umeam
493 2223 551 2283 par
553 2204 626 2284 tem,
645 2200 697 2264 eui
716 2201 852 2264 maxime
875 2200 1066 2285 confidebat,
1080 2197 1198 2270 Sabur-

184 2319 236 2362 rae
264 2296 440 2361 submittit·
413 2298 535 2381 t3ipse
563 2319 635 2361 eum
662 2297 795 2380 reliquis
823 2296 923 2379 eopiis
953 2252 1199 2410 elephantisque

150 2412 165 2458 ι
185 2412 232 2458 nx
244 2393 322 2457 ιιιιι’
297 2397 362 2456 trus
378 2393 593 2477 subsequitur.
626 2391 815 2478 Suspicatus
829 2415 867 2458 ιι
879 2393 1065 2476 praemissis
1083 2398 1175 2478 equit
1177 2399 1199 2461 i·

185 2493 244 2558 bus
272 2492 379 2574 ipsum
406 2491 514 2556 adfore
544 2488 717 2556 Curionem
746 2489 886 2555 Saburra
914 2490 1023 2573 copias
1050 2493 1198 2575 equitum

184 2590 388 2673 peditumque
411 2588 545 2653 instruit
568 2591 665 2671 atque
687 2588 739 2652 bis
762 2588 909 2671 imperat,
931 2591 968 2651 ut
992 2587 1199 2656 simulatione

184 2687 309 2752 timoris
333 2686 488 2770 paulatim
511 2686 623 2750 sedant
647 2707 684 2749 ae
706 2685 818 2768 pedem
840 2685 994 2769 referent3
1023 2706 1103 2771 sese,
1127 2709 1198 2754 eum

186 2807 265 2868 opus
289 2788 381 2867 esset,
404 2784 532 2868 signum
554 2783 669 2866 proelii
697 2783 847 2846 daturum
874 2785 916 2867 et,
940 2781 1026 2865 quod
1052 2805 1123 2847 rem
1145 2808 1198 2868 po·

150 2882 304 2948 astulare
330 2881 544 2966 cognovisset,
571 2881 811 2962 imperaturum.
857 2876 954 2943 Curio
984 2879 1025 2943 ad
1058 2883 1198 2965 superio·

184 3002 252 3046 rem
283 3000 372 3063 spem
404 2978 511 3043 addita
542 2977 704 3061 praesenti
735 2977 862 3042 timeris
900 2977 1051 3060 opinione
1088 2978 1197 3043 hostes

183 3077 293 3162 fugere
316 3076 492 3142 arbitratus
516 3074 624 3158 sepias
648 3096 687 3138 ex
709 3073 788 3138 loeis
818 3073 1037 3155 superioribus
1060 3075 1096 3138 in
1119 3098 1198 3144 eam-

184 3197 261 3258 pum
284 3174 419 3239 dedueit.

151 3285 164 3331 1
250 3267 398 3334 XXXXI.
436 3269 559 3345 Quibus
583 3291 621 3333 ex
653 3269 732 3337 loeis
760 3290 832 3332 eum
858 3268 986 3352 longius
1010 3274 1101 3336 esset
1128 3293 1198 3355 pro-

186 3386 325 3448 gressus,
343 3367 487 3430 confecto
506 3367 571 3432 iam
588 3366 700 3431 labore
718 3366 858 3430 exercitu
877 3383 938 3429 xvr
951 3366 1078 3432 milium
1092 3368 1197 3451 spatio

151 3460 341 3524 aeonstitit.
387 3461 452 3526 Dat
475 3463 542 3526 suis
567 3464 696 3546 signum
727 3461 876 3547 Saburra,
903 3464 1002 3527 aciem
1029 3465 1198 3530 constituit

188 3555 219 3611 et
237 3551 402 3618 circumire
422 3557 548 3620 ordines
569 3561 665 3638 atque
682 3558 807 3622 hortari
825 3559 952 3643 incipit3
976 3560 1031 3625 sed
1053 3562 1198 3644 peditatu
