2584 4075
201 222 265 285 132
548 223 596 276 uu
615 208 732 275 11110
752 222 861 275 011111

199 367 291 452 clare,
313 370 350 430 ut
373 367 493 431 milites
518 367 718 448 exaudirent,
741 362 923 447 ‘Tuemini,'
954 363 1072 448 inquit,
1095 363 1217 426 ‘castre

199 467 231 526 et
253 463 411 527 defendite
434 464 613 549 diligenter,
641 463 669 525 si
693 462 772 545 quid¹
798 461 908 525 durius
936 459 1093 524 acciderit.
1140 459 1217 543 Ego

199 561 337 643 reliquas
361 565 472 644 portas
501 562 658 624 circumeo
686 563 717 622 et
746 562 925 621 castrorum
953 556 1112 641 praesidia
1142 579 1218 621 con-

164 657 313 724 6firmo.'
357 656 445 722 Haec
468 680 540 722 cum
562 658 706 741 dixisset,
729 678 762 720 se
786 656 820 719 in
849 655 1046 738 praetorium
1069 657 1216 729 ¹contulit

157 810 160 815 ,
199 777 340 819 summae
363 755 409 818 rei
432 755 578 818 diffidens
603 757 766 817 ettamen
789 757 939 816 eventum
963 756 1161 835 exspectans

110 912 114 919 .
166 872 177 918 1
265 849 453 915 LXXXXV.
491 848 608 914 Caesar
621 849 824 931 Pompeianis
839 871 877 912 ex
892 850 969 933 fuga
987 849 1073 912 intra
1091 851 1216 914 vallum

198 948 370 1030 compulsis
404 949 530 1012 nullum
562 948 703 1032 spatium
741 947 920 1030 perterritis
957 946 1026 1009 dari
1063 951 1215 1029 oportere

199 1045 385 1109 existimans
408 1045 527 1109 milites
552 1044 738 1108 cohortatus
768 1046 826 1128 est,
853 1047 891 1106 ut
920 1043 1073 1106 beneficio
1097 1043 1216 1109 Fortu·

163 1159 257 1206 snae
278 1146 446 1207 'uterentur
464 1146 631 1224 castraque
651 1143 882 1225 oppugnarent.
919 1137 980 1214 Qui
1009 1140 1070 1203 etsi
1093 1164 1214 1226 magno

198 1242 289 1302 aestu
311 1240 440 1324 fatigati
464 1278 506 1284 -
529 1261 604 1302 nam
627 1238 667 1301 ad
689 1236 853 1301 meridiem
880 1259 931 1300 res
961 1241 1029 1300 erat
1057 1240 1214 1321 perducta

199 1373 241 1380 —
273 1340 381 1399 tamen
412 1336 452 1399 ad
481 1357 607 1399 omnem
632 1326 778 1398 laborem
805 1334 910 1397 animo
938 1335 1043 1417 parati
1075 1335 1213 1419 imperio

164 1437 381 1514 aparuerunt.
427 1430 541 1496 Castra
573 1455 591 1495 1
623 1432 827 1516 cohortibus,
860 1454 940 1514 quae
972 1432 1019 1495 ibi
1050 1435 1213 1515 praesidio
1276 1468 1278 1493 t

199 1532 290 1592 erant
321 1531 463 1614 relictae,
496 1530 653 1592 industrie
685 1528 949 1614 defendebantur,
980 1529 1083 1592 multo
1115 1531 1214 1596 etiam

163 1626 302 1690 4acrius
325 1650 344 1690 1
366 1625 543 1690 Thracibus
567 1625 777 1708 baebarisque
800 1626 937 1689 auxiliis.
977 1625 1062 1690 Nam
1091 1629 1149 1711 qui
1177 1653 1214 1695 ec

198 1724 264 1786 acie
286 1724 469 1808 refugerant
492 1723 622 1808 milites,
646 1728 677 1786 et
701 1723 807 1786 animo
836 1724 999 1806 perterriti
1027 1729 1059 1788 et
1082 1726 1214 1791 lassitu-

198 1820 271 1883 dine
293 1821 438 1905 eonfecti,
460 1821 567 1884 missis
592 1820 736 1904 plerique
760 1820 857 1883 armis
882 1821 1046 1905 signisque
1063 1823 1212 1889 militari·
1276 1834 1277 1869 1

199 1919 259 1982 bus
281 1919 384 2003 magis
408 1919 445 1982 de
469 1918 592 2001 reliqua
614 1917 692 2002 fuga
720 1940 816 2000 quam
844 1917 882 1980 de
905 1921 1085 1982 castrorum
1107 1921 1211 1987 defen·
1276 1936 1278 1961 ³

163 2016 288 2080 ssione
319 2016 514 2101 cogitabant.
560 2012 673 2098 Neque
704 2036 780 2078 vero
813 2014 944 2101 diutius,
976 2015 1030 2098 qui
1058 2015 1094 2080 in
1127 2020 1211 2084 vallo
1276 2030 1277 2076 ἓ

197 2114 417 2197 constiterant,
435 2112 677 2176 multitudinem
694 2113 833 2175 telorum
853 2113 1011 2175 sustinere
1025 2118 1212 2203 potuerunt,

198 2208 252 2273 sed
275 2208 410 2271 confecti
433 2208 619 2272 vulneribus
637 2209 744 2272 locum
765 2208 975 2296 reliquerunt,
997 2212 1212 2298 protinusque
1276 2237 1277 2270 1

198 2326 306 2369 omnes
330 2304 461 2368 ducibus
489 2307 540 2369 usi
568 2305 809 2369 centurionibus
839 2306 1042 2390 tribunisque
1068 2310 1211 2376 militum

196 2402 231 2465 in
253 2400 426 2464 altissimos
454 2407 590 2486 monteS,
618 2402 674 2484 qui
701 2403 741 2465 ad
764 2407 869 2467 castra
897 2404 1112 2491 pertinebant,
1140 2431 1211 2473 eon·
1276 2397 1278 2406 ¹

195 2500 355 2583 fugerunt.

162 2612 175 2658 1
261 2593 466 2659 LXXXXVI.
502 2594 542 2659 In
564 2597 678 2660 eastris
701 2595 834 2680 Pompei
856 2598 962 2661 videre
984 2600 1077 2664 licuit
1100 2603 1211 2667 trichi-

196 2695 243 2757 las
272 2697 420 2778 structas,
447 2714 600 2777 magnum
628 2694 754 2777 argenti
781 2693 906 2776 pondus
935 2697 1132 2783 expositum,
1164 2722 1211 2763 re-

196 2790 340 2855 centibus
373 2789 547 2872 cespitibus
583 2790 788 2854 tabernacula
829 2795 1006 2876 constrata,
1043 2793 1078 2857 L.
1113 2797 1210 2860 etiam
1276 2857 1278 2873 ,

194 2887 323 2952 Lentuli
355 2891 387 2949 et
418 2887 647 2951 nonnullorum
687 2888 893 2952 tabernacula
930 2894 1075 2971 protecta
1117 2893 1212 2957 edere

194 2983 359 3065 multaque
376 2986 550 3069 praeterea,
569 3006 649 3067 quae
666 2984 799 3048 nimiam
816 2985 979 3049 luxuriam
1001 2991 1033 3050 et
1055 2987 1211 3054 victoriae

194 3080 346 3166 fiduciam
365 3079 578 3166 designarent,
601 3085 638 3144 ut
662 3081 754 3145 facile
783 3081 960 3145 existimari
988 3089 1098 3166 posset
1126 3088 1211 3150 nihil

195 3197 249 3239 eos
272 3175 310 3237 de
333 3180 448 3239 eventu
472 3176 539 3239 eius
563 3176 625 3241 diei
653 3178 808 3263 timuisse,
836 3179 981 3262 quinon
1009 3185 1209 3248 necessarias

160 3272 417 3356 sconquirerent
445 3273 637 3357 voluptates
683 3274 728 3338 At
754 3274 790 3337 hi
817 3275 996 3339 miserrimo
1027 3279 1210 3361 100111111-

194 3369 319 3433 tissimo
357 3370 511 3460 exercitui
543 3369 688 3435 (laeseris
725 3372 885 3436 luxuriam
922 3372 1118 3460 obiciebant,
1156 3377 1208 3439 cui

159 3488 175 3534 3
195 3488 318 3549 semper
342 3469 448 3531 omnia
471 3469 511 3531 ad
532 3470 746 3533 necessarium
769 3492 863 3532 usum
886 3470 1070 3534 defuissent.
1115 3472 1208 3537 Pom-

194 3562 294 3646 peius,
311 3563 377 3627 iam
395 3586 466 3628 cum
484 3565 570 3630 intra
587 3566 708 3630 vallum
730 3566 835 3629 nostri
855 3571 1068 3654 versarentur,
1087 3590 1207 3652 equum
