2584 4075
361 219 473 276 COMM.
492 221 539 275 ΠΙ.
578 220 655 275 OAP.
674 220 846 276 XVII-XX.
1070 221 1111 284 89

96 365 259 429 militibus
291 365 428 429 auditus.
481 363 687 449 Responsum
718 369 767 430 est
803 365 842 429 ab
880 366 981 430 altera
1020 370 1147 449 parter

96 462 135 528 A
167 460 350 526 Varronem
380 462 526 545 profiteri
558 484 592 526 se
624 463 725 527 altero
757 463 819 526 die
835 463 875 526 ad
905 463 1111 546 conloquium

96 564 271 624 venturum
294 564 390 644 atque
411 582 476 624 una
497 561 652 645 visurum,
680 560 945 645 quemadmodum
973 563 1046 624 tuto
1068 550 1111 624 le'-

97 658 166 742 gati
188 657 298 721 venire
321 660 362 741 et,
386 679 466 741 quae
487 658 616 741 vellent,
634 678 791 740 exponere
809 659 954 740 possent3
977 659 1111 719 certum-

98 778 159 840 que
177 756 208 820 ei
226 755 273 819 rei
291 758 418 837 tempus
437 755 654 820 constituitur.
691 751 761 828 Quo
785 775 858 817 cum
875 756 960 816 esset
979 757 1109 836 postero
1129 771 1144 818 5

54 920 57 927 ⁴
97 854 147 917 die
159 855 303 937 uentum,
316 872 432 936 magna
446 852 609 935 utrimque
622 851 796 915 multitudo
816 850 964 915 convenit
982 870 1110 935 magna-

97 973 159 1035 que
191 953 261 1014 erat
293 947 494 1033 exspectatio
521 949 589 1012 eius
620 949 668 1012 rei
700 951 796 1032 atque
833 947 977 1012 omnium
1012 949 1111 1011 animi

96 1046 216 1112 intenti
238 1067 307 1110 esse
330 1045 370 1108 ad
391 1066 501 1129 pacem
523 1045 723 1109 videbantur.
773 1043 843 1120 Qua
865 1066 904 1108 ex
930 1045 1144 1129 frequentiae

68 1172 76 1223 ,ι
96 1143 131 1208 Τ.
154 1141 317 1206 Labienus
340 1141 457 1226 prodit,
480 1141 536 1205 sed
557 1143 656 1205 missa
684 1142 828 1206 oratione
856 1143 895 1206 de
921 1164 998 1226 pace
1019 1143 1110 1227 loqui

71 1241 173 1333 ¹pelotc
205 1228 314 1323 atque
334 1239 481 1302 altercari
517 1261 589 1303 cum
620 1238 754 1303 Vatinio
789 1239 911 1323 incipit.
966 1238 1143 1315 Quorumr

86 1336 235 1402 'mediam
262 1335 440 1400 orationem
465 1335 704 1420 interrumpunt
733 1336 841 1400 subito
873 1337 1014 1421 undique
1044 1338 1110 1401 tela

95 1434 255 1517 immissa3
288 1454 369 1516 quae
399 1432 455 1496 ille
487 1432 634 1497 obtectus
670 1435 767 1498 armis
803 1436 945 1499 militum
980 1435 1108 1519 vitavit,

95 1532 306 1595 vulnerantur
327 1534 437 1593 tamen
458 1530 647 1614 complures,
669 1531 704 1594 in
725 1530 777 1594 his
797 1529 965 1596 Cornelius
978 1531 1109 1618 Balbus,

95 1627 139 1692 M.
166 1626 303 1711 Plotius,
329 1623 364 1690 L.
392 1625 570 1710 Tiburtius,
592 1627 794 1691 centuriones
821 1629 1005 1712 militesque
1030 1651 1108 1693 non-

94 1726 186 1790 nulli.
231 1723 316 1787 Tum
337 1721 511 1786 Labienus:
535 1721 693 1787 ‘Desinite
716 1745 792 1807 ergo
815 1725 853 1788 de
876 1726 1143 1808 compositiones

94 1820 199 1906 loqui,
221 1842 297 1884 nam
318 1819 414 1883 nobis
435 1819 500 1882 nisi
523 1816 669 1883 Caesaris
693 1821 797 1904 capite
824 1822 925 1885 relato
953 1844 1016 1905 pax
1040 1843 1108 1885 esse

93 1920 185 1984 nulla
208 1917 337 2001 potest'
371 1933 372 1936 ’

160 2013 232 2081 ΧΧ.
268 2013 375 2079 Isdem
400 2014 600 2098 temporibus
628 2013 671 2079 M.
695 2013 823 2081 Coelius
850 2015 956 2081 Rufus
978 2021 1107 2102 praetor
1127 2031 1140 2077 1

95 2137 192 2179 causa
223 2112 405 2176 debitorum
437 2116 585 2195 suscepta
616 2112 699 2176 inito
735 2114 929 2198 magistratu
964 2114 1107 2179 tribunal

96 2232 191 2274 suum
213 2210 304 2273 iuxta
327 2207 361 2274 O.
384 2209 545 2293 Trebonii,
568 2210 726 2292 praetoris
750 2211 875 2298 urbani,
902 2212 1013 2276 sellam
1035 2234 1108 2277 con-

94 2306 215 2371 locavit
238 2309 270 2369 et
291 2307 383 2384 sesi
411 2306 483 2390 quis
512 2306 738 2389 appellavisset
761 2308 800 2372 de
823 2309 1046 2374 aestimatione
1075 2315 1107 2374 et

94 2404 133 2467 de
156 2402 383 2487 solutionibus,
406 2417 487 2487 quae
510 2424 567 2486 per
593 2403 752 2469 arbitrum
779 2406 902 2491 fierent,
930 2411 968 2471 ut
991 2405 1107 2471 Caesar

94 2521 245 2585 praesens
272 2500 496 2585 constituerat,
513 2497 592 2574 ‘afore
620 2502 741 2566 auxilio
773 2503 993 2587 pollicebatur.
1045 2502 1140 2569 seca

93 2598 194 2663 fiebat
216 2596 377 2681 aequitate
395 2597 513 2661 decreti
532 2601 564 2661 et
581 2597 783 2664 humanitate
796 2601 957 2686 lbebonii,
981 2603 1037 2685 qui
1053 2602 1105 2665 his

94 2696 294 2780 temporibus
317 2694 487 2758 clementer
505 2698 538 2758 et
555 2695 719 2759 moderate
740 2697 977 2762 ius-dicendum
1000 2698 1107 2762 existi-

93 2793 213 2876 mabat,
234 2795 285 2854 ut·
298 2791 431 2878 reperiri
452 2813 519 2855 non
545 2797 688 2877 possent,
711 2816 730 2857 a
758 2795 874 2878 quibus
902 2795 1032 2859 initium
1055 2819 1107 2879 ap-

94 2888 235 2972 pellandi
255 2891 446 2952 nasceretur.
479 2886 564 2952 Nam
581 2890 720 2955 fortasse
741 2892 884 2976 inopiam
906 2914 1056 2957 excusare
1074 2898 1106 2957 et
1125 2910 1140 2956 3

94 2985 309 3050 calamitatem
332 2988 387 3048 aut
413 2986 577 3068 propriam
604 3009 696 3051 suam
724 2993 779 3052 aut
802 2993 984 3072 temporum
1015 2991 1106 3073 queri

10 3089 11 3098 ’
95 3086 127 3146 et
149 3082 355 3146 difficultates
378 3083 582 3146 auctionandi
609 3105 788 3167 proponere
815 3087 912 3149 etiam
938 3087 1105 3151 mediocris

95 3182 144 3243 est
176 3179 287 3262 animi3
318 3178 461 3262 integras
488 3201 563 3244 vero
591 3184 700 3245 tenere
727 3183 956 3269 possessiones,
984 3185 1040 3268 qui
1072 3207 1106 3249 se

94 3275 208 3339 debere
232 3275 409 3359 fateantur,
435 3276 525 3339 cuius
558 3278 656 3341 animi
689 3282 745 3342 aut
772 3280 862 3343 cuius
890 3280 1105 3364 impudentiae

94 3371 164 3434 est?
200 3369 327 3455 Itaque,
357 3370 419 3435 hoc
452 3373 508 3456 qui
534 3375 729 3461 postularet,
757 3376 976 3461 reperiebatur
1002 3395 1141 3444 nemos

92 3466 202 3551 Atque
223 3466 313 3553 ipsis,
335 3468 375 3531 ad
397 3490 535 3552 quorum
553 3472 759 3536 commodum
781 3474 974 3561 pertinebat,
995 3476 1106 3541 durior

92 3564 243 3628 inventus
266 3568 315 3628 est
339 3562 475 3630 Ooelius.
522 3565 568 3631 At
595 3569 634 3631 ab
663 3569 724 3632 hoc
747 3570 910 3652 profectus
939 3571 1044 3657 initio,
1066 3589 1140 3637 nea
