2584 4075
199 258 264 322 134
546 254 595 307 DE
614 251 730 306 BELLO
750 252 859 307 ClVlLl

193 406 261 487 tus,
294 422 357 485 quo
392 400 515 464 minore
551 402 658 462 essent
690 397 804 460 timore
810 449 818 483 ,
857 417 965 460 omnes
1007 395 1222 459 conservavit

194 497 415 580 militibusque
439 495 506 560 suis
530 489 834 579 commendarique
858 493 913 577 qui
942 513 1053 556 eorum
1075 491 1222 555 violare-

161 612 176 659 3
196 598 259 679 tur,
277 616 341 658 neu
360 593 439 678 quid
458 593 509 656 sui
530 591 757 655 desiderarent.
781 589 851 654 Hac
874 589 1018 653 adhibita
1040 588 1222 673 diligentia

195 683 374 756 excestria
403 689 466 753 sibi
498 689 642 774 legiones
671 689 750 752 alias
778 708 941 752 occurrere
969 690 1001 750 et
1029 708 1097 772 eas,
1132 708 1221 770 quas

196 810 303 853 secum
334 788 482 873 duxerat,
513 786 649 850 invicem
681 785 877 869 requiescere
910 788 1006 868 atque
1038 784 1074 847 in
1104 787 1221 846 castra

195 886 312 950 reverti
335 885 431 948 iussit
454 885 627 967 eodemque
651 883 701 946 die
724 881 870 947 Larisam
892 881 1043 965 pervenit.

162 1001 175 1046 1
262 979 515 1044 LXXXXVIHI.
552 980 592 1043 ln
614 1001 651 1044 eo
676 972 798 1063 proelio
820 1002 888 1044 non
906 980 1043 1063 amplius
1063 995 1106 1043 cc
1130 980 1220 1043 rnili-

196 1082 245 1142 tes
272 1078 476 1164 desiderarit,
504 1078 558 1142 sed
586 1077 803 1164 centuriones,
829 1078 929 1141 fortes
959 1077 1055 1162 viros,
1083 1076 1218 1141 circiter

162 1194 270 1238 cxxx
293 1175 408 1238 amisit.
455 1174 646 1239 Interiectus
671 1178 720 1238 est
743 1175 841 1238 etiam
862 1173 1039 1237 fortissime
1062 1193 1216 1256 pugnans

198 1270 375 1358 Crastinus,
402 1272 491 1335 cuius
518 1272 713 1336 mentionem
740 1294 837 1355 supra
863 1270 1013 1355 fecimus,
1040 1270 1150 1354 gladio
1182 1271 1217 1333 in

163 1386 234 1432 sos
267 1367 435 1431 adversum
465 1367 617 1432 coniecto.
671 1366 784 1452 Neque
811 1368 844 1431 id
870 1368 933 1430 fuit
960 1367 1092 1453 falsum,
1126 1368 1217 1450 quod

197 1464 253 1526 ille
275 1463 311 1526 in
332 1484 474 1547 pugnam
500 1463 704 1547 proficiscens
732 1466 863 1529 dixerat.
910 1462 963 1527 Sic
990 1464 1075 1527 enim
1094 1461 1216 1528 Caesar

199 1559 404 1624 existimabat
427 1581 463 1624 eo
487 1560 609 1643 proelio
634 1561 932 1626 excellentissimam
955 1561 1109 1625 virtutem
1139 1559 1215 1626 Ora·

115 1736 120 1743 ,
200 1657 277 1721 stini
303 1657 402 1743 fuisse
431 1657 614 1740 optimeque
642 1679 715 1722 eum
741 1658 779 1722 de
803 1680 836 1722 se
866 1658 1017 1722 meritum
1039 1658 1213 1722 iudicabat.

165 1773 180 1819 4
199 1755 250 1818 Ex
263 1754 457 1837 Pompeiano
472 1751 621 1818 'exercitu
644 1755 770 1826 circiter
787 1755 877 1819 milia
895 1773 943 1818 xv
960 1754 1109 1819 cecidisse
1129 1755 1214 1819 vide·
1279 1756 1280 1791 r

200 1852 326 1937 bantur,
349 1851 456 1915 sedin
478 1851 672 1915 deditionem
690 1857 845 1916 venerunt
864 1852 1000 1936 amplius
1019 1852 1111 1915 milia
1125 1871 1213 1916 xxiv

195 1985 242 2018 ,-
265 1969 402 2031 namque
421 1948 518 2012 etiam
541 1947 698 2034 cohortes,
722 1970 802 2031 quae
825 1949 985 2033 praesidio
1009 1950 1043 2012 in
1071 1951 1212 2014 castellis

199 2046 339 2130 fuerant,
362 2068 430 2109 sese
454 2044 561 2110 Sullae
584 2046 771 2110 dediderunt
794 2084 836 2093 —-
865 2047 961 2111 multi
990 2051 1156 2130 praeterea
1179 2049 1213 2111 iu

200 2141 352 2205 finitimas
385 2143 531 2207 civitates
559 2143 760 2229 refugerunt,
796 2144 951 2228 signaque
983 2143 1137 2206 militaria
1175 2166 1212 2209 ex
1279 2159 1280 2172 ¹

200 2238 322 2321 proelio
355 2239 394 2302 ad
426 2237 592 2304 Caesarem
629 2235 716 2303 sunt'
736 2240 837 2303 relata
869 2257 987 2306 cmx
1019 2244 1051 2303 et
1083 2241 1211 2324 aquilae
1279 2307 1280 2316 ,

166 2353 245 2400 alx.
299 2334 333 2399 L.
366 2333 529 2400 Domitius
567 2358 605 2399 ex
641 2337 755 2400 castris
792 2337 826 2400 in
862 2340 1005 2401 montem
1040 2337 1211 2423 refugiens,

200 2454 272 2496 cum
294 2433 378 2496 vires
402 2453 474 2495 eum
491 2433 680 2495 lassitudine
699 2432 896 2518 defecissent,
920 2433 959 2496 ab
980 2434 1144 2516 equitibus
1164 2440 1211 2500 est

200 2530 394 2594 interfectus.

168 2643 180 2689 1
268 2624 301 2691 O.
339 2626 462 2689 Eodem
484 2631 627 2708 ternpore
641 2624 680 2690 D.
696 2625 823 2691 Laelius
847 2650 919 2691 curn
938 2627 1038 2692 classe
1057 2628 1098 2692 ad
1112 2628 1211 2694 Brun·

200 2724 319 2788 disium
344 2722 433 2786 venit
460 2723 630 2807 eademque
658 2724 791 2811 ratione,
822 2747 886 2808 qua
908 2726 1029 2790 factum
1052 2725 1211 2792 aLibonc

201 2824 294 2884 antea
317 2819 614 2905 demonstravimus,
637 2821 776 2885 insulam
799 2822 957 2887 obiectam
979 2824 1088 2907 portui
1112 2823 1211 2888 Brun-

167 2917 304 2980 adisino
328 2916 441 2980 tenuit.
487 2913 642 2980 Similiter
665 2916 826 3004 Vatinius,
849 2921 904 3003 qui
926 2919 1100 2985 Brundisio
1125 2944 1210 3005 prae-

201 3018 279 3099 erat,
297 3014 390 3077 tectis
410 3013 639 3096 instructisque
659 3014 786 3097 scaphis
806 3016 915 3081 elicuit
934 3039 1032 3081 naves
1047 3016 1210 3082 Laelianas
1279 3065 1281 3074 .

201 3115 296 3194 atque
320 3131 359 3173 ex
380 3109 432 3173 his
454 3110 582 3194 longius
611 3112 801 3194 productam
829 3136 925 3178 uuam
954 3115 1212 3198 quinqueremem

201 3212 233 3271 et
256 3207 395 3281 minores
419 3208 497 3271 duas
520 3207 556 3270 in
574 3209 733 3292 angustiis
752 3216 867 3292 portus
887 3212 980 3296 cepit,
998 3212 1140 3296 itemque
1158 3235 1212 3296 per

206 3306 330 3389 equites
354 3305 529 3388 dispositos
554 3327 636 3388 aqua
660 3306 830 3389 prohibere
858 3307 1039 3372 classiarios
1062 3309 1211 3373 instituit.
1278 3297 1281 3310 ’

168 3399 265 3465 esee
287 3400 414 3465 Laelius
439 3407 582 3486 tempore
615 3404 690 3467 anni
719 3405 932 3469 commodiore
962 3428 1039 3469 usus
1063 3406 1103 3469 ad
1130 3406 1212 3470 nari·

204 3500 343 3582 gaudum
362 3500 516 3563 onerariis
534 3500 672 3564 navibus
687 3499 827 3583 Corcyra
840 3500 1082 3585 Dyrrachioque
1101 3525 1211 3586 aquam
1277 3516 1281 3535 ¹

202 3596 269 3659 suis
293 3596 504 3678 supportabat
533 3618 635 3679 neque
664 3619 682 3659 a
709 3598 880 3679 proposito
913 3597 1135 3662 deterrebatur
1164 3622 1212 3663 ne·
