2584 4075
261 195 373 252 COMM.
393 199 441 252 III.
479 199 556 253 CAP.
574 200 936 255 LXXXXI-LXXXXIIII.
1040 201 1102 264 131

86 362 203 427 cornu,
234 346 272 406 ut
302 346 370 406 erat
408 343 615 428 imperatum,
648 345 790 408 universi
826 348 1103 431 procucurrerunt,

87 438 257 522 omnisque
275 439 449 503 multitudo
466 441 709 525 sagittariorum
723 463 757 505 se
775 442 927 525 profudit.
960 440 1103 517 Quorum
1121 456 1138 503 4
1218 474 1230 515 ;

86 537 246 618 impetum
268 540 378 600 noster
402 537 564 619 equitatus
583 559 651 602 non
668 538 754 623 tulit,
777 539 832 602 sed
853 540 1009 623 paulatim
1030 538 1102 603 loco

85 636 197 697 motus
220 634 325 719 cessit,
348 634 535 718 equitesque
557 634 690 719 Pompei
711 636 774 700 hoc
797 638 901 700 acrius
926 637 1047 700 instare
1070 640 1103 700 et

87 751 122 793 se
158 730 338 793 turmatim
363 731 521 814 explicare
559 732 721 815 aciemque
752 737 899 797 nostram
930 733 970 797 ab
1002 734 1102 796 latere

87 830 200 911 aperto
224 820 397 900 circumire
412 831 594 910 eoeperunt.
632 827 724 904 Quod
746 830 803 894 ubi
823 827 940 895 Caesar
963 830 1135 894 animada
1189 888 1193 898 ,

85 923 201 1007 vertit,
229 927 362 1005 quartae
390 923 478 1009 aciei,
506 947 602 1008 quam
628 927 815 991 instituerat
838 949 894 991 sex
921 928 1102 991 cohortium

85 1041 232 1105 numero,
246 1019 331 1083 dedit
350 1020 486 1104 signum.
522 1020 602 1086 lllae
616 1022 760 1087 celeriter
773 1030 1041 1108 procucurrerunt
1055 1025 1101 1086 in-
1120 1039 1135 1084 a

86 1117 245 1199 festisque
272 1116 373 1201 signis
401 1120 493 1181 tanta
515 1118 548 1181 vi
575 1118 611 1182 in
631 1117 764 1204 Pompei
795 1122 919 1205 equites
946 1119 1102 1205 impetum

85 1215 243 1298 fecerunt,
273 1216 310 1277 ut
342 1235 453 1277 eorum
483 1236 576 1278 nemo
609 1217 798 1282 consisteret
829 1240 1001 1301 omnesque
1030 1239 1102 1282 con-

86 1311 173 1376 versi
194 1331 268 1376 non¹
285 1310 390 1375 solum
411 1311 482 1375 loco
506 1313 700 1400 excederent,
724 1315 779 1378 sed
803 1313 953 1397 protinus
975 1314 1102 1392 incitati

85 1410 166 1493 fuga
201 1411 328 1471 montes
365 1407 540 1472 altissimos
576 1414 730 1493 peterent.
786 1409 908 1486 Quibus
942 1400 1135 1476 submotis?

87 1514 199 1569 omnes
230 1505 391 1589 sagittarii
413 1506 658 1591 funditoresque
688 1506 836 1572 destituti
865 1508 1002 1571 inermes
1033 1507 1101 1569 sine

45 1662 49 1668 .
86 1601 248 1686 praesidio
271 1602 432 1666 interfecti
451 1606 535 1667 sunt.
571 1603 705 1668 Eodem
718 1604 841 1687 impetu
859 1605 1007 1668 cohortes
1026 1604 1135 1666 sini-e

88 1704 195 1764 strum
221 1720 320 1762 cornu
347 1700 566 1784 pugnantibus
595 1700 693 1764 etiam
720 1703 790 1763 tum
813 1721 850 1764 ac
876 1700 1100 1764 resistentibus

39 1866 41 1869 ,
86 1799 123 1861 in
146 1796 213 1860 acie
234 1793 437 1879 Pompeianis
462 1796 687 1862 circumierunt
715 1818 832 1880 eosque
859 1820 878 1860 a
904 1799 996 1881 tergo
1026 1800 1102 1859 sunt

87 1895 228 1958 adortae.

154 1988 377 2056 LXXXXHII
415 1989 539 2055 Eodem
556 1995 702 2075 tempore
720 1991 850 2056 tertiam
870 1991 969 2055 aciem
984 1988 1100 2055 Caesar
1121 2009 1143 2054 1-

88 2110 171 2174 quae
195 2088 304 2172 quieta
325 2087 489 2151 fueratet
518 2110 552 2152 se
580 2089 619 2152 ad
642 2089 675 2152 id
697 2094 824 2172 tempus
847 2090 917 2154 loco
945 2092 1101 2175 tenuerat,

87 2207 275 2271 procurrere
298 2185 401 2248 iussit.
447 2183 499 2248 Ita
522 2206 595 2249 eum
616 2190 759 2249 recentes
789 2188 886 2269 atque
908 2186 1029 2270 integri
1051 2186 1135 2250 dee

87 2283 184 2349 fessis
217 2282 453 2367 successissent,
485 2282 540 2345 elii
572 2286 680 2347 autem
716 2306 735 2345 a
766 2286 858 2368 tergo
891 2282 1102 2369 adorirentur,

88 2381 249 2446 sustinere
261 2378 448 2462 Pompeiani
466 2401 532 2443 non
549 2383 725 2464 potuerunt
744 2384 845 2463 atque
854 2379 997 2443 universi
1010 2384 1101 2464 terga

87 2481 263 2545 verterunt.
308 2474 421 2560 Neque
444 2499 519 2543 vero
551 2475 718 2541 Caesarem
740 2477 863 2562 fefellit,
895 2477 974 2559 quin
997 2476 1036 2539 ab
1060 2477 1135 2540 iis3

88 2574 288 2661 cohortibus,
311 2582 391 2657 quae
415 2579 525 2639 contra
549 2575 729 2658 equitatum
745 2559 787 2637 'in
805 2577 920 2656 quarta
941 2575 1006 2637 acie
1030 2595 1100 2638 con-

88 2674 213 2738 locatae
245 2675 360 2756 essent,
392 2671 522 2736 initium
548 2671 700 2735 victoriae
728 2671 875 2755 oriretur,
905 2674 942 2733 ut
968 2671 1037 2754 ipse
1067 2671 1102 2734 in

89 2768 294 2836 cohortandis
327 2767 485 2846 militibus
517 2768 788 2851 pronuntiaverat.
843 2765 896 2830 Ab
927 2767 978 2830 his
1016 2768 1135 2831 11111114
1167 2806 1170 2811 -

88 2868 230 2952 primum
252 2864 424 2947 equitatus.
443 2867 493 2927 est
519 2864 641 2950 pulsus,
668 2865 708 2928 ab
737 2865 839 2929 isdem
866 2865 968 2928 factae
992 2866 1100 2929 caedes

89 2960 333 3048 sagittariorum
351 2980 387 3023 ac
404 2959 614 3047 funditorum,
632 2961 673 3024 ab
692 2962 793 3026 isdem
812 2962 894 3025 acies
908 2960 1100 3044 Pompeiana

90 3083 108 3123 1
131 3058 264 3123 sinistra
286 3060 377 3140 parte
401 3056 497 3141 [erat]
526 3058 692 3123 circumita
724 3064 820 3143 atque
847 3059 977 3148 initium
1006 3060 1100 3144 fugae

89 3158 218 3221 factum.
266 3151 327 3217 Sed
360 3152 531 3236 Pompeius
563 3157 600 3218 ut
634 3157 814 3240 equitatum
847 3179 941 3219 suum
972 3158 1135 3239 pulsuma

89 3254 171 3318 vidit
200 3255 295 3334 atque
325 3273 394 3314 eam
422 3255 555 3338 partem,
583 3252 635 3316 eui
657 3253 794 3316 maxime
821 3252 1010 3339 confidebat,
1032 3276 1101 3337 per-

89 3349 237 3414 territam
260 3346 493 3432 animadvertit,
515 3348 597 3412 -aliis
630 3349 754 3412 diffisus
783 3348 849 3411 acie
872 3350 1007 3437 arcessit
1029 3372 1101 3433 pro·
1161 3363 1167 3372 ’

88 3447 242 3528 tinusque
273 3465 307 3506 se
339 3442 374 3505 in
403 3447 507 3508 castra
535 3467 616 3529 equo
649 3445 785 3510 eontulit
813 3449 845 3507 et
872 3445 912 3507 iis
945 3447 1100 3510 centurio-

71 3543 196 3627 nibus,
213 3561 294 3623 quos
313 3540 354 3602 in·
366 3540 506 3604 statione
525 3542 564 3606 ad
582 3542 777 3626 praetoriam
794 3546 921 3624 portam
939 3549 1101 3625 posuerat,

855 3647 889 3697 91
