2584 4075
180 220 224 284 94
532 220 581 273 ΒΕ
599 219 717 274 BELLO
736 219 845 275 CIVILI

178 363 367 449 religionem
388 364 597 429 iurisiurandi
618 364 656 427 in
679 364 747 428 eius
775 369 949 448 conspectu
978 362 1200 428 crudelissime

144 476 160 523 a
178 460 416 525 interficiuntur
461 462 507 525 Ar
525 465 695 525 veteranae
713 462 852 546 legionis
870 461 1000 546 milites,
1022 461 1103 524 item
1126 482 1199 525 con-

140 603 146 611 ,
179 557 295 623 flictati
317 562 350 622 et
372 559 575 643 tempestatis
599 562 631 622 et
655 559 800 623 sentinae
824 558 923 643 vitiis,
944 578 1049 640 neque
1072 579 1112 620 ex
1136 558 1199 641 pri—

180 654 265 718 stina
279 655 399 719 virtute
413 655 641 719 remittendum
656 654 779 738 aliquid
792 660 988 740 putaverunt
1007 658 1040 718 et
1057 659 1199 719 tractan-

180 752 229 815 dis
262 751 503 817 condicionibus
536 756 568 817 et
605 751 811 817 simulatione
848 752 1020 816 deditionis
1053 756 1198 816 extracto

179 849 283 932 primo
306 849 412 914 noetis
435 853 579 933 tempore
609 848 858 933 gubernatorem
880 849 915 911 in
936 852 1057 912 terram
1083 869 1200 912 navem
1272 835 1275 865 ¹

146 960 161 1006 6
180 944 280 1010 eicere
294 949 424 1032 cogunt,
443 946 507 1031 ipsi
525 946 675 1010 idoneum
688 946 796 1009 locum
807 946 895 1009 nacti
915 945 1075 1029 reliquam
1093 946 1198 1008 noctis

179 1047 305 1127 partem
327 1043 375 1108 ibi
397 1044 604 1108 confecerunt
625 1046 658 1107 et
680 1043 751 1106 luce
773 1042 879 1126 prima
896 1042 1004 1106 missis
1024 1042 1066 1106 ad
1083 1063 1140 1106 eos
1159 1043 1198 1106 ab

181 1139 318 1205 Otacilio
352 1142 531 1226 equitibus,
564 1140 619 1223 qui
651 1162 721 1204 eam
753 1143 878 1223 partem
911 1161 984 1203 orae
1016 1140 1200 1204 maritimae

181 1237 404 1321 observabant,
426 1238 552 1302 circiter
575 1252 671 1321 ccco,
694 1238 814 1321 quique
832 1260 887 1301 eos
909 1237 1026 1301 armati
1048 1259 1087 1301 ex
1111 1260 1199 1320 prae

181 1335 262 1399 sidio
291 1336 392 1399 secuti
420 1339 510 1420 sunt,
538 1357 572 1399 se
600 1334 809 1398 defenderunt
832 1340 864 1399 et
891 1335 1056 1399 nonnullis
1088 1357 1198 1399 eorum

180 1433 357 1497 interfectis
381 1432 557 1497 incolumes
580 1453 616 1496 se
639 1431 830 1495 adnostros
855 1435 1051 1514 receperunt.

147 1543 161 1588 1
247 1528 414 1595 XXVHIL
452 1528 521 1606 Quo
535 1529 621 1592 facto
636 1533 812 1591 conventus
833 1529 950 1592 civium
967 1526 1198 1614 Romanorum,

182 1628 237 1712 qui
250 1626 380 1693 Lissum
395 1627 595 1710 obtinebant,
618 1625 705 1709 quod
728 1625 882 1709 oppidum
904 1625 945 1688 iis
969 1628 1065 1689 antea
1081 1624 1197 1691 Caesar

182 1726 374 1790 attribuerat
400 1724 672 1806 muniendumque
699 1727 878 1806 curaverat,
905 1721 1087 1786 Antonium
1118 1745 1196 1787 rece

181 1824 231 1907 pit
254 1822 467 1906 omnibusque
489 1822 585 1885 rebus
608 1820 699 1883 iuvit.
746 1817 901 1883 Otacilius
929 1818 992 1881 sibi
1019 1819 1140 1884 timens
1162 1843 1197 1886 es

147 1931 162 1978 a
182 1920 299 2005 oppido
323 1920 407 2003 fugit
431 1924 463 1983 et
487 1918 526 1982 ad
548 1917 738 2000 Pompeium
760 1916 914 2000 pervenit.
951 1915 1114 1997 Expositis
1135 1941 1196 1983 om·

180 2018 277 2081 nibus
301 2017 402 2101 copiis
424 2015 597 2101 Antonius,
621 2035 758 2099 quarum
785 2018 854 2079 erat
883 2034 1007 2078 summa
1034 2017 1195 2079 veterana-

182 2137 254 2177 rum
285 2115 385 2178 trium
416 2114 581 2197 legionum
612 2111 772 2195 uniusque
803 2113 947 2177 tironum
984 2116 1015 2175 et
1053 2113 1196 2195 equitum

182 2227 283 2296 Doce,
304 2211 473 2295 plerasque
495 2232 593 2274 naves
616 2209 652 2271 in
674 2207 803 2272 Italiam
824 2208 963 2271 remittit
986 2206 1026 2270 ad
1054 2207 1196 2291 reliquos

147 2307 301 2372 amilites
325 2309 513 2392 equitesque
541 2305 819 2390 transportandos,
848 2308 1016 2389 pontones,
1040 2305 1127 2388 quod
1150 2310 1197 2368 est

182 2426 282 2490 genus
305 2406 436 2469 navium
450 2404 655 2487 Gallicarum,
672 2400 759 2465 Lissi
781 2401 946 2485 relinquit,
968 2399 1031 2464 hoe
1053 2402 1196 2485 consilio,

181 2507 218 2567 ut
250 2503 279 2566 si
305 2503 390 2566 forte
416 2500 588 2585 Pompeius
621 2521 755 2563 vacuam
787 2499 974 2562 existimans
1002 2496 1132 2587 Italiam
1161 2521 1195 2562 eo

181 2601 359 2665 traiecisset
382 2599 566 2682 exercitum,
589 2618 670 2680 quae
690 2595 799 2679 opinio
819 2599 888 2659 erat
907 2595 992 2658 edite
1014 2595 1049 2659 in
1073 2597 1197 2680 vulgus,

183 2698 322 2782 aliquam
350 2693 467 2760 Caesar
499 2694 538 2758 ad
573 2692 805 2776 insequendum
836 2692 1024 2756 facultatem
1055 2693 1197 2777 haberet,

181 2794 378 2876 nuntiosque
401 2792 440 2855 ad
463 2813 535 2855 eum
558 2791 703 2855 celeriter
724 2790 838 2875 mittit,
869 2789 986 2874 quibus
1010 2789 1196 2874 regionibus

183 2890 358 2956 exereitum
380 2888 581 2972 exposuisset
605 2891 638 2951 et
661 2886 739 2970 quid
761 2887 904 2951 militum
925 2888 1166 2951 transvexisset.

149 3002 163 3048 1
248 2985 349 3051 XXX.
386 2984 474 3048 Haec
491 2985 602 3048 eodem
619 2984 686 3047 fere
699 2988 845 3067 tempore
860 2982 976 3047 Caesar
997 2987 1095 3065 atque
1108 2982 1197 3046 Pom·

181 3086 273 3171 peius
293 3086 498 3169 cognoscunt.
536 3079 621 3146 Nam
639 3085 875 3165 praetervectas
890 3079 1099 3163 Apolloniam
1119 3078 1196 3162 Dyr·

182 3182 390 3264 rachiumque
419 3202 517 3245 naves
550 3179 710 3262 viderant,
742 3177 806 3261 ipsi
842 3177 905 3239 iter
937 3175 1112 3239 secundum
1147 3198 1196 3238 eas

183 3285 270 3345 terra
301 3280 501 3362 derexerant,
525 3277 584 3342 sed
611 3297 675 3361 quo
704 3278 811 3338 essent
839 3296 893 3338 eae
919 3273 1056 3356 delatae,
1087 3273 1197 3356 primis

150 3377 297 3441 2diebus
320 3376 521 3459 ignorabant.
568 3373 770 3459 cognitaque
797 3394 832 3436 re
859 3371 984 3435 diversa
1015 3371 1079 3435 sibi
1106 3370 1196 3435 ambo

92 3484 96 3493 “
185 3471 319 3533 consilia
352 3471 495 3553 capiunt:
529 3468 661 3554 Caesar,
692 3475 729 3532 ut
763 3490 859 3551 quam
890 3468 1031 3552 primum
1063 3489 1097 3531 se
1129 3490 1198 3531 cum

186 3562 328 3624 Antonio
353 3564 569 3648 coniungeret,
590 3564 773 3651 Pompeius,
799 3571 837 3628 ut
864 3565 1066 3630 venientibus
1093 3565 1197 3629 initi·
