2584 4075
225 276 260 333 3
357 250 470 305 conr.
490 251 536 306 m.
576 249 652 307 oar.
670 250 805 307 vm-r.
876 268 880 275 ›
1045 251 1088 316 83

73 394 243 460 Octavium
274 396 309 458 in
340 417 437 459 naves
471 395 641 480 confugere
678 400 859 480 coegerunt.
915 394 991 480 [Hic
1026 397 1089 460 fuit

73 491 325 577 oppugnationis
363 491 490 576 exitus]
545 491 678 575 Iamque
720 491 823 556 hiems
856 492 1089 576 adpropinqua·
1125 515 1141 562 a

71 589 138 672 bat,
161 593 195 652 11
221 589 322 653 tantis
353 588 553 653 detrimentis
586 590 723 672 acceptis
747 588 898 653 Octavius
923 590 1089 673 desperata

72 685 314 771 oppugnatione
342 685 454 769 oppidi
484 685 700 769 Dyrrachium
731 708 801 751 sese
833 687 872 749 ad
901 685 1089 769 Pompeium

71 784 201 867 recepit.

136 876 178 943 X.
215 876 515 943 Demonstravimus
548 878 582 943 L.
601 879 785 944 Vibullium
803 879 935 965 Rufum,
956 879 1089 964 Pompei
1126 902 1139 948 1

71 977 279 1061 praefectum,
297 975 348 1039 bis
367 977 403 1039 in
420 980 615 1059 potestatem
633 977 816 1061 pervenisse
831 976 976 1042 Caesaris
994 981 1089 1062 atque

20 1102 21 1105 ¹
72 1074 113 1138 ab
142 1095 180 1137 eo
209 1094 278 1137 esse
306 1073 483 1157 dimissum,
510 1074 609 1138 semel
635 1074 676 1138 ad
698 1070 885 1159 Corfinium,
911 1074 1029 1138 iterum
1055 1075 1090 1137 in

71 1170 240 1254 Hispania.
286 1167 381 1232 Hunc
412 1191 471 1253 pro
500 1170 567 1233 suis
596 1170 757 1234 benefieiis
791 1168 907 1235 Caesar
939 1171 1089 1235 idoneum
1107 1191 1140 1237 a

72 1268 283 1350 iudicaverat,
315 1288 411 1350 quem
441 1288 514 1330 oum
544 1268 705 1331 mandatis
742 1268 782 1331 ad
814 1266 870 1332 Cn.
902 1265 1090 1352 Pompeium

71 1365 229 1447 mitteret,
251 1362 448 1446 eundemque
472 1364 557 1446 apud
579 1362 635 1430 Cn.
651 1363 841 1450 Pompeium
864 1366 1089 1430 auctoritatem

72 1461 192 1525 habere
214 1459 430 1544 intellegebat.
476 1460 558 1525 Erat
581 1466 689 1526 autem
709 1461 788 1527 haec
816 1485 940 1527 summa
961 1463 1089 1527 manda·
1125 1479 1141 1527 3

75 1563 195 1622 torum:
227 1555 352 1620 Debere
383 1559 556 1640 utrumque
584 1559 778 1641 pertinaciae
807 1561 903 1624 finem
926 1561 1029 1624 facere
1056 1563 1089 1623 et

75 1655 115 1719 ab
138 1653 237 1718 armis
255 1651 415 1716 discedere
432 1674 536 1735 neque
553 1654 692 1737 amplius
707 1654 884 1719 Fortunam
905 1656 1087 1738 periclitari.

76 1751 161 1817 Satis
185 1771 255 1814 esse
281 1770 398 1834 magna
424 1750 587 1834 utrimque
613 1751 815 1815 incommoda
844 1757 980 1838 accepta,
1007 1775 1088 1836 quae
1124 1775 1141 1821 4

75 1872 133 1935 pro
158 1847 327 1931 disciplina
346 1850 378 1909 et
396 1847 573 1931 praeceptis
591 1847 709 1911 habere
727 1852 869 1933 possent,
890 1853 928 1912 ut
945 1850 1087 1933 reliquos

75 1969 167 2013 casus
200 1944 362 2008 timerent:
393 1943 487 2007 illum
513 1943 609 2007 Italia
636 1944 805 2027 expulsum
833 1946 950 2009 amissa
979 1944 1089 2010 Sicilia
1125 1969 1140 2015 s

76 2052 107 2111 et
121 2042 278 2110 Sardinia
293 2041 480 2125 duabusque
492 2041 660 2125 Hispaniis
684 2047 716 2106 et
739 2043 926 2107 cohortibus
944 2045 981 2108 ia
993 2043 1089 2108 Italia

76 2148 172 2226 atque
204 2137 363 2222 Hispania
400 2138 518 2202 civium
553 2137 773 2203 Romanorum
810 2157 829 2204 c
866 2144 963 2224 atque
1002 2159 1089 2227 ως

76 2264 109 2306 11
131 2241 236 2304 morte
260 2234 409 2300 Curionis
433 2240 465 2299 et
488 2237 680 2300 detrimento
704 2236 848 2301 Africani
876 2239 1033 2303 exercitus
1057 2244 1089 2304 et

74 2335 213 2404 Antonii
238 2334 443 2416 militumque
471 2333 630 2397 deditione
659 2334 699 2397 ad
731 2331 901 2398 Curictam.
951 2333 1090 2401 Proinde
1125 2357 1141 2403 1

76 2436 140 2500 sibi
167 2455 204 2497 ac
231 2430 428 2515 reipublicae
454 2434 634 2515 parcerent,
661 2452 731 2494 cam
763 2434 919 2514 quantum
946 2433 982 2496 in
1004 2434 1089 2498 bello

74 2533 220 2598 Fortuna
242 2532 362 2614 posset,
383 2529 448 2592 iam
470 2528 533 2611 ipsi
555 2528 765 2591 incommodis
789 2529 856 2592 suis
881 2530 960 2592 satis
984 2535 1090 2593 essent
1221 2557 1223 2562 ·

75 2630 274 2694 documento.
320 2624 391 2689 Hoc
419 2646 519 2688 unum
546 2646 614 2688 esse
641 2628 769 2708 tempus
797 2625 835 2688 de
863 2647 939 2708 pace
967 2628 1090 2719 agendi,
1127 2647 1143 2693 1

76 2727 153 2790 dum
175 2723 240 2788 sibi
262 2727 397 2805 uterque
421 2721 593 2785 confideret
616 2725 648 2785 et
667 2743 760 2804 pares
779 2721 873 2786 ambo
894 2722 1090 2806 viderentur3

76 2824 104 2887 si
130 2843 207 2887 vero
236 2819 330 2883 alteri
357 2819 489 2902 paulum
515 2817 610 2882 modo
638 2818 808 2881 tribuisset
840 2817 996 2904 Fortuna,
1024 2841 1091 2884 non

75 2942 145 2984 esse
176 2939 312 2981 usurum
344 2915 583 2979 condicionibus
615 2916 703 2998 pacis
736 2937 825 2999 eum,
856 2915 913 2998 qui
945 2917 1091 2999 superior

73 3018 252 3098 videretur,
278 3034 383 3096 neque
410 3012 479 3076 fore
507 3033 607 3094 aequa
634 3015 726 3094 parte
755 3015 954 3096 contentum,
977 3013 1090 3096 quise

75 3112 184 3177 omnia
208 3110 397 3174 habiturum
433 3107 613 3172 confideret.
660 3105 868 3171 Condiciones
896 3109 983 3191 pacis
1015 3130 1090 3192 quo·
1127 3121 1142 3168 8

73 3211 163 3275 niam
182 3212 276 3272 antea
295 3205 464 3270 convenire
481 3225 548 3267 non
565 3204 757 3288 potuissent,
775 3201 896 3268 Romae
918 3204 957 3267 ab
978 3210 1091 3269 senatu

74 3311 108 3371 et
135 3330 154 3370 a
182 3304 303 3389 populo
331 3302 400 3385 peti
427 3300 548 3364 debere.
592 3300 753 3364 Interesse
780 3301 813 3363 id
841 3300 1035 3384 reipublicae
1058 3306 1090 3366 et
1127 3314 1142 3360 9

73 3401 154 3486 ipsis
182 3401 307 3485 placere
335 3401 496 3482 oportere,
525 3398 553 3460 si
580 3401 715 3480 uterque
738 3398 773 3460 in
800 3397 949 3460 contione
980 3400 1091 3462 statim

73 3498 246 3563 iuravisset
278 3517 311 3559 sc
343 3494 451 3558 triduo
483 3493 630 3577 proximo
664 3494 839 3558 exereitum
874 3494 1089 3574 dimissurum.

73 3593 241 3679 Depositis
269 3592 364 3657 armis
393 3591 598 3677 auxiliisque,
625 3591 742 3675 quibus
770 3612 855 3655 nunc
887 3591 1091 3679 confiderent,
1106 3607 1139 3653 10

838 3699 853 3746 6
860 3695 872 3722 2²
