2584 4075
196 242 239 305 80
545 232 593 296 D'u
612 242 728 299 BELLO
749 243 858 297 CIVILI

194 388 302 453 narias
330 407 369 473 11,
398 390 621 474 equitumvn
648 388 746 452 milia.
792 389 844 452 Ex
873 389 992 473 quibus
1019 405 1067 452 Dc
1100 386 1207 451 Gallos

195 483 367 550 Deiotarus
396 487 586 569 adduxerat,
612 502 636 549 D
666 483 902 550 Ariobarzanes
933 508 971 550 ex
995 483 1207 570 Cappadocia

196 583 236 645 ad
258 584 393 647 eundem
414 605 583 647 numerum
606 579 707 666 Cotys
732 605 769 647 ex
793 583 930 647 Thracia
953 583 1083 647 dederat
1106 587 1139 647 et
1158 581 1208 646 Sa-

161 680 302 750 rdalam
324 681 427 745 fflium
448 681 594 764 miserat;
622 701 660 744 ex
688 679 875 744 Macedonia
898 697 941 745 00
964 685 1065 765 erant,
1092 681 1207 764 quibus

196 775 408 861 Rhascypolis
436 781 595 862 praeerat,
627 776 795 841 excellenti
827 777 961 862 virtute,
993 796 1018 841 Ι)
1046 799 1085 841 ex
1116 775 1209 841 Gabi-

195 874 300 938 nianis
333 874 543 959 Alexandria,
572 872 683 938 Gallos
707 872 960 959 Germanosque,
988 897 1070 958 quos
1097 875 1146 939 ibi
1171 876 1208 939 A.

197 969 353 1035 Gabinius
376 972 528 1056 praesidii
551 971 646 1035 causa
670 971 756 1054 apud
781 992 890 1055 regem
912 970 1137 1039 Ptolomaeum
1165 994 1216 1038 re·

195 1068 343 1154 liquerat,
365 1068 536 1153 Pompeius
559 1068 646 1131 filius
675 1089 747 1132 eum
775 1070 876 1132 alasse
904 1069 1092 1154 adduxerat3
1106 1088 1208 1158 ,0000
1278 1070 1279 1133 3

105 1085 148 1254 ἡ
196 1188 234 1229 ex
258 1167 359 1231 servis
383 1167 449 1231 suis
477 1169 708 1250 pastorumque
736 1188 868 1230 suorum
895 1188 1021 1232 numero
1049 1173 1208 1253 coegerat,

137 1269 176 1334 ‘a
196 1279 259 1327 000
283 1262 516 1327 Tarcondarius
545 1260 662 1326 Castor
690 1266 722 1325 et
744 1262 935 1333 Domnilaus
964 1286 1002 1328 ex
1027 1262 1209 1350 Gallograe

195 1360 243 1424 cia
266 1360 417 1424 dederant
441 1398 483 1404 —
506 1359 624 1422 horum
648 1359 729 1423 alter
752 1383 817 1423 una
839 1364 978 1444 venerat,
1001 1362 1084 1425 alter
1107 1363 1209 1427 filium

194 1458 325 1521 miserat
349 1483 404 1541 —3
428 1473 469 1520 00
493 1478 532 1520 ex
556 1453 650 1538 Syria
678 1479 696 1520 a
719 1454 934 1542 Commageno
963 1457 1138 1545 Antioche,
1160 1463 1208 1525 cui

194 1575 311 1641 magna
332 1553 503 1638 Pompeius
522 1553 663 1637 praemia
685 1554 854 1638 tribuerat,
871 1554 963 1619 missi
982 1560 1083 1642 erant,
1106 1558 1142 1622 in
1158 1558 1207 1622 his

161 1678 176 1724 a
195 1653 338 1738 plerique
359 1652 600 1742 hippotoxotae.
645 1649 719 1714 Huc
741 1648 920 1736 Dardanos,
942 1650 1060 1716 Bessos
1091 1655 1208 1737 partim

193 1752 441 1835 mercennarios,
468 1748 587 1832 partim
613 1747 749 1830 imperio
777 1751 833 1811 aut
860 1748 966 1831 gratia
997 1755 1207 1835 comparatos,

194 1849 272 1913 item
293 1849 492 1931 Macedones,
518 1845 690 1909 Thessalos
718 1866 754 1907 ac
781 1844 978 1928 reliquarum
1008 1849 1156 1930 gentium
1177 1854 1206 1912 et

194 1946 361 2011 civitatum
384 1946 540 2009 adiecerat
563 1946 660 2025 atque
677 1943 724 2006 itu
742 1964 824 2026 eum,
847 1963 942 2024 quem
966 1964 1064 2026 supra
1083 1945 1206 2009 demon-

195 2044 376 2128 stravimus,
398 2065 566 2107 numerum
589 2040 779 2124 expleverat.

160 2166 173 2210 1
260 2139 299 2204 V,
335 2140 502 2204 Frumenti
533 2139 600 2202 vim
635 2138 807 2201 maximam
839 2160 877 2201 ex
909 2138 1089 2225 Thessalia,
1122 2141 1207 2226 Asia,

193 2236 357 2322 Aegyptii,
389 2235 497 2321 Creta,
526 2234 659 2317 Cyrenis
688 2234 885 2319 reliquisque
908 2236 1096 2320 regionibus
1128 2260 1207 2303 com-

158 2338 368 2419 aparaverat.
404 2333 554 2397 Hiemare
574 2331 755 2416 Dyrrachii,
777 2330 969 2414 Apolloniae
993 2332 1207 2416 omnibusque

193 2432 319 2516 oppidis
342 2430 512 2495 maritimis
536 2429 761 2513 constituerat,
789 2432 826 2491 ut
853 2450 941 2492 mare
964 2430 1104 2494 transire
1135 2430 1207 2496 Cae·

192 2551 295 2593 sarem
313 2528 508 2612 prohiberet,
530 2525 661 2609 eiusque
679 2526 726 2590 rei
745 2548 841 2590 causa
859 2525 947 2590 omni
967 2548 1023 2590 ora
1040 2528 1208 2592 'maritima

157 2651 172 2697 3
192 2627 324 2690 classem
348 2624 556 2707 disposuerat.
593 2621 744 2687 Praeerat
766 2623 937 2707 Aegyptiis
960 2624 1098 2688 navibus
1117 2624 1207 2689 Pom·

190 2723 281 2807 peius
299 2722 395 2806 filine,
414 2719 567 2784 Asiaticis
582 2718 621 2783 D.
641 2719 769 2784 Laelius
789 2725 821 2784 et
841 2718 874 2784 C.
894 2719 1054 2805 Triarius,
1067 2721 1206 2805 Syriacis

191 2818 224 2885 C.
257 2818 400 2903 Cassius,
432 2815 568 2882 Rhodiis
604 2815 637 2882 C.
671 2817 841 2882 Marcellus
875 2841 946 2882 cum
984 2816 1017 2883 C.
1051 2817 1207 2904 Coponio,

189 2916 380 2982 Liburnicae
407 2919 504 2998 atque
531 2914 689 2979 Achaicae
716 2915 812 2979 classi
843 2913 1031 2979 Scribonius
1059 2915 1143 2981 Libo
1176 2922 1207 2980 et

154 3015 231 3085 rM.
256 3013 416 3078 Octavius.
462 3012 538 3076 Toti
561 3016 670 3075 tamen
694 3013 800 3077 officio
824 3013 986 3076 maritimo
1010 3013 1053 3077 M.
1069 3013 1206 3078 Bibulus

188 3112 390 3198 praepositus
414 3114 528 3175 cuncta
552 3110 814 3194 administrabat3
839 3109 982 3173 adhunc
1001 3133 1128 3176 summa
1150 3113 1206 3175 im-

188 3209 269 3293 perii
291 3208 490 3292 respiciebat.

153 3330 166 3375 1
254 3304 309 3370 VI.
347 3303 463 3369 Caesar
486 3309 523 3369 ut
546 3304 757 3368 Brundisium
779 3307 877 3391 venit,
896 3305 1103 3370 contionatus
1122 3305 1207 3390 apud

187 3403 316 3487 milites,
340 3402 491 3485 quoniam
514 3423 614 3486 prope
639 3402 679 3465 ad
702 3403 799 3465 finem
821 3403 969 3468 laborum
992 3423 1028 3466 ac
1051 3404 1205 3486 periculo-

187 3521 259 3560 rum
292 3502 375 3561 esset
407 3503 610 3582 perventum,
644 3520 745 3581 aequo
779 3500 885 3562 animo
917 3499 1077 3582 mancipia
1110 3505 1205 3584 atque

188 3594 415 3675 impedimenta
437 3594 473 3657 in
494 3594 590 3657 Italia
614 3595 841 3678 relinquerent,
863 3594 926 3676 ipsi
946 3596 1086 3678 expediti
1108 3617 1204 3660 naves
