2584 4075
175 185 221 285 34¹
523 222 572 275 nn
591 179 707 275 annuo
728 220 837 275 crium

176 388 249 430 cum
261 366 368 430 minus
383 366 565 430 exercitatis
580 366 755 450 remigibus
770 366 940 450 minusque
953 366 1068 450 peritis
1079 368 1193 451 guber-

176 463 345 527 natoribus
368 463 551 548 utebantur,
576 463 631 546 qui
654 465 785 545 repente
809 483 847 526 ex
878 463 1032 527 onerariis
1054 464 1195 527 navibus

177 564 268 624 erant
300 560 448 644 producti
484 560 664 643 nequedum
691 559 790 622 etiam
820 559 985 624 vocabulis
1018 582 1194 624 armamen-

176 662 285 721 torum
299 657 447 743 cognItis‚
460 660 531 720 tum
550 655 648 720 etiam
665 655 818 720 tarditate
836 659 869 720 et
888 657 1048 741 gravitate
1061 658 1195 720 navium
1284 739 1285 744 η

178 754 446 838 impediebantur;
469 754 573 817 factae
597 754 682 816 enim
706 752 813 816 subito
838 774 876 817 ex
903 752 1034 817 humida
1054 753 1195 834 materia

142 870 244 917 4non
265 852 399 915 eundem
425 873 520 914 usum
550 849 725 914 celeritatis
752 847 924 913 habebant.
970 849 1086 933 Itaque
1118 851 1195 914 dum

178 949 267 1011 locus
291 947 468 1011 comminus
487 947 653 1032 pugnandi
671 946 808 1030 daretur,
828 967 930 1029 aequo
954 946 1062 1010 animo
1086 947 1194 1032 singu·

177 1045 226 1109 las
250 1045 336 1110 binis
358 1045 497 1109 navibus
516 1044 698 1109 obiciebant
722 1046 818 1126 atque
836 1043 953 1107 iniecta
975 1066 1074 1107 manu
1091 1044 1194 1108 ferrea

179 1146 211 1205 et
242 1146 367 1206 retenta
398 1146 535 1225 utraque
566 1141 642 1205 navi
669 1140 786 1203 diversi
813 1141 1002 1224 pugnabant
1030 1146 1129 1226 atque
1159 1142 1193 1204 in

178 1239 322 1304 hostium
343 1261 440 1303 naves
463 1237 731 1302 transcendebant
754 1239 787 1299 et
810 1258 927 1321 magno
950 1258 1085 1300 numero
1103 1236 1192 1302 Albi·

179 1358 289 1400 corum
303 1340 334 1399 et
348 1339 516 1419 pastorum
528 1334 698 1398 interfecto
714 1336 839 1417 partem
851 1333 983 1397 navium
1001 1333 1193 1419 deprimunt,

178 1433 349 1497 nonnullas
373 1455 446 1496 cum
467 1431 655 1496 hominibus
675 1431 815 1514 capiunt,
836 1430 977 1513 reliquas
1004 1430 1040 1493 in
1062 1434 1193 1514 portum

145 1530 382 1613 ocompellunt.
427 1528 478 1594 Eo
506 1529 556 1592 die
582 1550 680 1592 naues
713 1526 964 1590 Massiliensium
992 1526 1193 1611 Domitiique

180 1630 256 1691 sunt
279 1631 389 1711 captae
411 1644 457 1711 VI,
479 1626 641 1690 intereunt
664 1642 709 1688 rx,

147 1741 161 1788 1
246 1723 377 1790 LVIIII.
414 1722 486 1789 Hoc
508 1723 667 1807 proelium
689 1718 820 1784 Caesari
842 1719 882 1783 ad
903 1719 1043 1783 Ilerdam
1066 1723 1192 1785 nuntia-

180 1828 246 1908 tur3
279 1823 376 1886 simul
402 1821 542 1905 perfecto
570 1820 669 1901 ponte
696 1815 841 1880 celeriter
867 1813 1011 1894 Fortuna
1038 1821 1191 1882 mutatur.

146 1919 235 1984 alili
256 1919 420 2003 perterriti
443 1917 563 1982 virtute
586 1915 731 1997 equitum
754 1914 860 1977 minus
878 1912 987 1998 libere,
1009 1915 1118 1996 minus
1141 1931 1215 1980 au-'

181 2017 288 2080 dacter
311 2015 525 2100 vagabantur3
550 2012 606 2078 alii
627 2032 695 2076 non
715 2011 813 2095 longo
842 2032 860 2074 a
888 2010 1002 2074 castris
1029 2013 1193 2096 progressi

182 2112 296 2196 spatie,
318 2116 355 2175 ut
378 2112 511 2175 celerem
533 2114 696 2192 receptum
718 2108 883 2189 haberent,
906 2108 1076 2191 angustius
1095 2110 1192 2192 pabu-

180 2208 340 2292 labantur,
363 2206 419 2270 alii
445 2207 591 2291 longiore
619 2206 755 2270 circuitu
783 2204 944 2268 custodias
972 2206 1193 2292 stationesque

182 2305 327 2388 equitum
357 2302 519 2386 vitabant,
551 2306 583 2364 at
617 2303 724 2386 aliquo
753 2304 881 2384 accepto
911 2301 1104 2367 detrimento
1138 2309 1193 2368 aut

181 2399 293 2484 procul
316 2399 463 2482 equitatu
480 2400 549 2462 uiso
569 2419 607 2461 ex
625 2400 730 2462 medio
749 2400 863 2464 itinere
882 2399 1034 2482 proiectis
1058 2404 1191 2468 sarcinis

146 2495 391 2581 3refugiebant.
437 2493 604 2559 Postremo
632 2500 664 2559 et
692 2497 800 2579 plures
828 2495 1043 2558 intermittere
1070 2497 1139 2561 dies
1161 2504 1192 2562 et

181 2598 307 2679 praeter
356 2592 618 2656 cousuetudinem
660 2593 803 2656 omnium
845 2595 944 2655 noctu
984 2590 1192 2660 instituerant

180 2690 337 2776 pabulari.
424 2725 429 2734 ·

147 2807 161 2854 1
247 2786 313 2852 LX.
349 2785 484 2851 Interim
506 2786 659 2851 Oscenses
688 2790 721 2849 et
748 2784 995 2870 Calagurritam,
1023 2787 1193 2869 quierant

181 2891 252 2950 tum
279 2882 471 2948 Oscensibus
504 2883 694 2967 contributi,
724 2883 860 2946 mittunt
892 2881 932 2945 ad
964 2903 1037 2946 eum
1067 2883 1191 2969 legatos

146 3001 314 3067 aseseque
341 2981 497 3063 imperata
523 2983 665 3045 facturos
693 2980 892 3062 pollicentur.
942 2978 1013 3043 Hos
1044 2979 1193 3046 Tarraco-

180 3101 294 3144 nenses
318 3081 350 3142 et
372 3076 513 3141 Iacetani
541 3081 572 3141 et
599 3075 757 3140 Ausetani
785 3081 817 3139 et
844 3075 954 3159 paucis
983 3081 1059 3158 post
1081 3078 1192 3143 diebus

180 3175 472 3261 Illurgavonenses,
505 3175 561 3258 qui
595 3173 717 3236 flumen
746 3171 904 3235 Hiberum
936 3173 1117 3259 attingunt,
1149 3197 1194 3239 se-

146 3291 162 3336 s
182 3277 333 3357 quuntur.
368 3270 455 3335 Petit
475 3272 514 3336 ab
532 3271 585 3335 his
604 3267 763 3353 omnibus
781 3272 819 3332 ut
842 3290 876 3331 se
893 3270 1055 3334 frumento
1074 3271 1193 3336 iuvent.

180 3368 378 3433 Pollicentur
402 3371 497 3451 atque
521 3368 670 3433 omnibus
692 3365 832 3448 undique
861 3366 1051 3448 conquisitis
1074 3367 1194 3432 iumen·

144 3464 224 3528 4tis
247 3465 283 3526 in
304 3465 408 3527 castra
431 3464 610 3547 deportant.
648 3461 778 3525 Transit
801 3462 899 3525 etiam
921 3461 1036 3526 cohors
1060 3463 1194 3550 Illurga-

180 3560 330 3623 vonensis
355 3560 394 3621 ad
417 3580 490 3622 eum
512 3560 641 3642 cognito
667 3556 807 3619 civitatis
831 3558 964 3621 consilio
989 3563 1021 3621 et
1045 3562 1139 3644 signa
1157 3554 1194 3627 eri
