2584 4075
174 225 225 279 XII
571 219 786 275 PRAEFATIO.

241 368 313 432 Hoc
336 373 471 433 stemma
492 389 572 432 num
595 366 635 429 ab
655 365 743 429 omni
760 359 852 447 parte
870 367 956 427 recte
973 362 1202 426 constitutum

176 466 233 550 sit,
262 465 468 551 lectionibus,
500 485 580 547 quas
611 462 648 525 111
679 461 885 525 adnotatione
916 460 1027 524 critica
1059 479 1202 552 conges-

176 563 292 649 simus,
325 565 469 626 accurate
497 558 687 623 examinatis
715 562 934 642 cognoscetur.
982 556 1054 621 Hoc
1080 561 1200 620 tamen
1281 569 1282 578 ’

143 693 158 718 .
176 663 303 724 constat
326 660 448 725 codices
473 657 499 723 S
512 657 597 723 WF
609 657 677 722 UT
690 656 720 720 V
738 655 777 718 ad
799 655 982 738 ponendum
1004 654 1200 718 fundamen·
1281 643 1282 702 3

175 760 256 842 tum,
273 756 309 818 in
322 777 386 839 quo
401 759 510 819 textus
526 757 719 839 exstruatur,
739 752 818 815 satis
832 753 965 815 firmum.
977 752 1199 835 suppeditare.

175 852 302 917 Horum
324 854 425 938 igitur
448 852 600 916 lectiones
624 850 777 914 adnotare
798 850 877 912 satis
896 849 1083 933 habuimus3
1107 850 1200 913 eodi-
1281 855 1282 862 ’

177 972 249 1014 cum
276 949 392 1035 LDd‚
422 949 487 1012 nisi
511 970 565 1016 ,res
592 948 757 1030 postulare
784 947 966 1034 videbatur,
993 949 1198 1011 mentionem

143 1125 148 1136 ι
176 1068 243 1111 non
273 1047 415 1111 fecimus,
460 1044 524 1109 Res
555 1036 820 1127 orthdgraphioas
850 1067 1099 1109 commemorare
1127 1045 1198 1128 ple-

177 1166 313 1227 rumque
337 1143 512 1208 omisimus.

234 1238 307 1304 sed
330 1241 358 1304 si
380 1241 465 1304 forte
487 1239 599 1303 multis
622 1239 702 1302 locis
725 1240 819 1321 nobis
843 1239 994 1325 contigit,
1022 1243 1060 1303 ut
1082 1238 1198 1303 lectio-

177 1337 288 1420 nibus,
315 1359 396 1420 quae
424 1336 586 1401 codicibus
614 1335 752 1398 traditae
777 1340 865 1421 sunt,
894 1358 1001 1400 severe
1023 1336 1197 1421 castigatis

179 1423 225 1496 et‘
247 1454 366 1517 rugosa
401 1432 508 1496 fronte
543 1433 801 1516 perponderatis‚
838 1433 914 1517 quid
949 1433 984 1496 in
1017 1433 1196 1517 archetypo
1281 1515 1282 1518 Ἴ

179 1531 335 1614 scriptum
362 1535 460 1616 esset,
492 1551 690 1615 erueremus,
722 1530 861 1593 multum
887 1534 996 1594 tamen
1024 1530 1129 1616 abest,
1157 1535 1196 1594 ut

178 1628 240 1692 hoc
263 1650 357 1712 opere
380 1628 515 1692 feliciter
537 1628 667 1711 peracto
689 1627 761 1709 ipsa
780 1623 925 1691 Caesaris
943 1627 1041 1691 verba
1058 1629 1195 1691 resusci-

178 1727 323 1790 tarimus.
368 1723 454 1789 Nam
473 1724 566 1788 illum
576 1723 706 1787 librum
725 1727 746 1805 β
766 1724 990 1788 tristissimum
1007 1725 1043 1787 in
1060 1724 1195 1789 modum

180 1828 366 1907 corruptum
403 1823 503 1888 fuisse
535 1822 600 1886 iam
633 1843 729 1903 supra
764 1821 903 1886 diximus
936 1822 1120 1905 optimeque
1152 1823 1193 1885 ab
1233 1889 1235 1892 ,

179 1921 310 1984 Hellero
341 1921 424 1985 liber
455 1922 627 1988 lacunosus
662 1919 840 2001 appellatus
874 1923 931 1982 est.
980 1918 1058 1995 Quis
1090 1918 1194 2003 igitur

181 2021 243 2104 est,
279 2019 335 2102 qui
368 2040 494 2101 sperare
527 2018 641 2083 audeat
673 2039 825 2100 umquam
856 2017 1004 2081 futurum
1036 2037 1120 2102 esse,
1155 2020 1193 2080 ut

182 2113 289 2176 omnia
312 2114 441 2198 damna,
468 2135 548 2196 quae
570 2112 622 2175 his
646 2115 883 2178 commentariis
906 2137 963 2198 per
985 2114 1193 2178 librariorum

179 2209 417 2294 neglegentiam
463 2214 560 2293 atque
602 2208 833 2273 monachorum
873 2210 1030 2275 incuriam
1070 2209 1193 2274 inflicta

182 2310 271 2390 sunt,
298 2307 497 2371 sarciantur?
541 2304 626 2390 Hoc,
653 2305 717 2368 nisi
744 2305 780 2368 111
805 2306 939 2371 latebris
966 2308 1113 2373 coenobii
1136 2313 1192 2372 aut

182 2401 342 2486 sepulchri
380 2403 513 2466 alicuius
550 2403 648 2466 codex
686 2402 713 2466 si
747 2424 814 2468 non
845 2404 984 2489 integer,
1020 2409 1053 2469 at
1084 2409 1192 2469 tamen

181 2499 295 2563 melior
318 2521 415 2583 quam
438 2503 459 2581 β
482 2522 558 2564 casu
579 2499 718 2583 quodam
736 2500 821 2564 felici
840 2502 1018 2588 detegatur,
1040 2503 1110 2565 ficri
1126 2525 1192 2567 non

181 2600 298 2682 potest.
354 2594 449 2659 Haud
484 2597 579 2680 pauci
614 2600 724 2660 tamen
755 2599 818 2662 loci
850 2599 994 2663 sollertia
1025 2599 1191 2664 hominum

183 2695 351 2758 doctorum
372 2694 477 2758 sanati
495 2697 579 2758 sunt.
620 2692 748 2757 Horum
766 2695 910 2778 exempla
928 2695 1053 2779 aliquot
1072 2695 1190 2761 adferre

182 2792 276 2855 liceat
303 2791 339 2853 in
365 2812 460 2853 usum
487 2812 612 2876 eorum,
640 2792 696 2873 qui
723 2791 907 2875 philologos
930 2791 1026 2875 nugis
1050 2791 1190 2856 chartam

182 2888 324 2974 implere,
346 2888 385 2950 de
407 2888 481 2951 lana
504 2888 633 2971 caprina
655 2888 764 2973 rixari,
786 2888 938 2952 ridiculos
957 2902 1063 2952 mures
1081 2911 1190 2972 parcre

183 2984 327 3048 clament.
374 2979 545 3065 Scriptum.
564 2988 633 3047 erat
660 2985 696 3046 in
718 2987 740 3065 β
764 2987 796 3070 1,
815 2985 871 3070 52,
890 2987 909 3048 2
934 2987 977 3050 ud
998 2984 1074 3070 XL3
1101 2987 1189 3050 resti-

182 3084 248 3146 tuit
265 3079 367 3145 Aldus
391 3082 434 3145 ad
455 3082 598 3146 denarios
616 3081 654 3144 L.
694 3083 722 3166 1,
736 3083 823 3167 57‚4
839 3088 982 3164 pastores
998 3084 1143 3147 indomiti
1157 3088 1189 3168 β,

178 3185 318 3265 pastores
331 3176 466 3242 Domitii
479 3178 516 3242 Ε.
530 3177 715 3241 Hoffmann.
750 3180 778 3265 1,
792 3179 844 3265 58,
857 3179 880 3243 4
893 3201 962 3243 cum
977 3179 1017 3243 iis
1031 3186 1191 3260 quaesunt

183 3282 289 3358 captae
318 3278 353 3359 β,
383 3273 575 3356 Domitiique
605 3280 680 3338 sunt
706 3281 812 3358 captae
844 3284 888 3337 VI
909 3275 998 3339 Paul.
1046 3277 1079 3361 1,
1097 3278 1152 3361 65,
1169 3272 1193 3339 2'

183 3379 298 3438 11111113
324 3373 410 3436 iutro
432 3393 463 3449 se
484 3372 673 3454 recipiebant
694 3375 728 3458 β,
755 3378 871 3438 monus
892 3375 1012 3438 iubare
1033 3373 1190 3456 cupiebant

182 3468 410 3554 Nipperdeius3
434 3472 464 3555 3,
480 3469 530 3555 10,
544 3471 565 3532 5
583 3470 760 3535 detrimento
777 3469 927 3552 Africani
944 3470 1092 3534 aeuus
1109 3475 1187 3534 tanto

183 3567 374 3647 inditumque
401 3568 551 3632 deditione
578 3567 621 3629 ud
650 3564 807 3630 Curictum
834 3569 869 3651 β,
901 3566 1078 3630 detrimento
1105 3564 1187 3647 Afri-
