2584 4075
177 258 219 322 68
527 256 575 309 DE
594 254 711 310 BELLO
731 255 840 310 CIVILI

175 402 313 466 mutatio
338 402 413 486 quid
437 401 536 466 habet
558 401 622 464 nisi
645 404 773 484 turpem
802 400 912 484 fugam
938 402 971 462 et
998 398 1195 482 desperatio-

174 520 248 564 nem
272 499 415 563 omnium
442 502 475 562 et
503 497 729 562 alienationem
752 496 931 561 exereitus?
976 494 1063 559 Nam
1089 517 1195 578 neque

175 598 329 682 pudentes
354 595 510 680 suspicari
534 597 662 679 oportet
687 594 750 657 sibi
772 616 887 677 parum
908 592 994 657 credi
1011 614 1117 676 neque
1137 593 1195 655 im·

175 695 295 778 probos
328 694 408 757 scire
440 715 509 757 sese
542 691 663 775 timeri,
692 691 778 774 quod
804 690 870 754 illis
899 689 1063 754 licentiam
1094 689 1195 753 timor
1289 718 1290 727 ¹

140 812 156 858 a
176 794 292 874 augeat
313 794 434 873 noster,
456 789 508 853 his
531 790 666 870 suspicio
690 788 796 851 studia
823 787 995 851 deminuat.
1042 784 1137 861 Quod
1167 787 1196 849 si

175 887 259 972 iam,'
282 887 398 972 inquit,
422 887 511 950 ‘haec
534 886 701 969 explorata
722 883 908 968 habeamus,
937 904 1019 967 quae
1045 883 1085 946 de
1109 906 1195 947 exer-

175 985 259 1048 citus
278 984 471 1048 alienatione
489 984 648 1067 dicuntur,
666 1002 749 1065 quae
768 981 897 1064 quidem
910 993 973 1065 ego'
986 984 1043 1044 aut
1063 981 1194 1045 omnino

175 1082 257 1145 falsa
280 1084 336 1145 aut
364 1084 448 1145 certe
475 1080 601 1144 minora
623 1079 775 1162 opinione
803 1100 873 1142 esse
901 1078 1040 1164 confide,
1071 1083 1194 1162 quanto

175 1178 253 1242 haec
275 1177 470 1241 dissimulari
493 1180 526 1241 et
549 1175 712 1259 occultari,
732 1198 829 1259 quam
851 1198 908 1259 per
926 1198 986 1239 nos
1010 1178 1196 1242 confimari

142 1297 157 1342 1
176 1273 338 1358 praestet?
380 1272 433 1336 An
454 1295 529 1357 non,
550 1272 600 1336 uti
623 1275 768 1357 corporis
796 1274 938 1358 vulnera,
960 1274 1008 1336 ita
1033 1275 1195 1339 exercitus

176 1370 376 1434 incommoda
403 1373 479 1432 sunt
505 1369 656 1454 tegenda,
677 1391 718 1434 ne
747 1391 837 1453 spem
865 1370 1056 1434 adversariis
1080 1393 1196 1456 augea-

142 1490 155 1536 1
176 1468 269 1532 mus?
305 1466 351 1531 At
374 1467 480 1551 etiam,
504 1471 541 1530 ut
559 1467 663 1530 media
680 1470 776 1531 nocte
794 1466 1044 1551 proficiscamur,
1064 1468 1196 1554 addunt,

177 1586 240 1648 quo
268 1564 434 1648 maiorem,
467 1563 573 1648 credo,
604 1563 769 1627 licentiam
796 1563 951 1649 habeant,
980 1565 1037 1647 qui
1066 1588 1195 1648 peccare

99 1710 103 1717 .
176 1666 338 1727 conentur.
371 1657 519 1743 Namque
536 1658 722 1725 huiusmodi
740 1680 792 1724 res
812 1663 869 1723 aut
887 1660 1008 1743 pudore
1028 1664 1086 1724 aut
1106 1668 1195 1726 metu

175 1764 339 1845 tenentur,
371 1759 490 1843 quibus
522 1756 618 1821 rebus
650 1779 716 1821 nox
749 1758 885 1821 maxime
922 1758 1105 1823 adversaria
1137 1766 1192 1824 est.

140 1878 158 1925 1
177 1857 280 1933 Quare
302 1878 406 1941 neque
428 1855 513 1920 tanti
537 1876 608 1918 sum
631 1854 739 1940 animi,
767 1859 804 1917 ut
833 1854 901 1918 sine
924 1876 980 1937 spe
1009 1860 1119 1921 castra
1140 1879 1192 1941 011

177 1955 348 2040 pugnanda
371 1975 525 2037 censeam,
546 1970 650 2033 neque
675 1951 761 2013 tanti
788 1951 930 2036 timoris,
957 1951 1007 2015 uti
1036 1974 1094 2035 spe
1122 1955 1193 2018 defi-

177 2052 267 2136 ciam,
290 2056 386 2134 atque
405 2050 512 2114 omnia
531 2049 621 2132 prius
639 2048 829 2131 experienda
852 2048 992 2113 arbitror
1014 2067 1193 2137 magnaque

177 2169 215 2211 ex
238 2153 329 2230 parte
351 2148 416 2210 iam
438 2169 487 2210 me
511 2168 575 2209 una
597 2145 764 2209 vobiscum
787 2146 825 2209 de
853 2167 887 2209 re
917 2146 1072 2210 iudicium
1096 2149 1192 2212 factu·

176 2265 249 2306 rum
271 2243 416 2307 confido!

143 2362 155 2407 1
243 2338 375 2403 XXXII.
413 2337 555 2402 Dimisso
580 2340 715 2404 consilio
746 2341 928 2404 contionem
955 2340 1090 2405 advocat
1113 2344 1194 2407 mili-

176 2440 254 2500 tum.
301 2433 536 2499 Commemorat
543 2486 552 2519 ,
585 2457 649 2518 quo
684 2437 728 2500 sit
760 2458 871 2500 eorum
902 2458 980 2501 usus
1013 2439 1123 2503 studio
1155 2442 1194 2504 ad

178 2531 354 2597 Corfinium
377 2529 503 2617 Caesar,
525 2535 562 2594 ut
586 2553 738 2616 magnam
761 2537 886 2616 partem
902 2532 1016 2597 Italiae
1039 2534 1193 2601 beneficio

142 2635 273 2714 eatque
296 2630 488 2694 auctoritate
511 2651 621 2692 eorum
646 2652 738 2693 suam
759 2631 878 2694 fecerit.
926 2629 1006 2694 ‘Vos
1035 2633 1122 2697 enim
1144 2656 1194 2698 11-

177 2734 342 2812 strumque
356 2727 497 2812 factum‚’
508 2728 624 2812 inquit,
635 2727 755 2791 ‘omnia
768 2727 915 2812 deinceps
929 2729 1105 2813 municipia
1119 2736 1193 2795 sunt

178 2829 294 2908 secuta,
316 2846 419 2907 neque
443 2824 511 2887 sine
530 2845 625 2888 causa
643 2829 676 2888 et
695 2823 812 2889 Caesar
831 2825 1023 2889 amicissime
1042 2826 1081 2890 de
1101 2828 1193 2892 vobis

141 2945 157 2990 3
177 2928 208 2986 et
232 2922 280 2985 illi
303 2921 490 3006 gravissime
519 2922 747 2985 iudicaverunt.
792 2921 965 3005 Pompeius
994 2923 1081 2986 enim
1102 2926 1192 2989 nullo

173 3010 299 3102 'proelio
326 3019 438 3101 pulsus
466 3020 567 3083 vestri
593 3019 672 3083 facti
702 3020 895 3103 praeiudicio
923 3020 1071 3084 demotus
1098 3021 1193 3086 Italia
1256 3046 1260 3054 ·

177 3117 326 3200 excessit3
350 3113 467 3179 Caesar
485 3137 545 3200 me,
563 3138 659 3199 quem
678 3115 961 3181 sibi'carissimum
978 3115 1105 3203 habuit,
1122 3140 1192 3202 pro-

176 3213 297 3277 vincias
312 3210 454 3276 Siciliam
473 3215 569 3295 atque
583 3211 736 3296 Africam,
751 3214 820 3276 sine
836 3214 953 3297 quibus
968 3213 1082 3277 urbem
1096 3219 1192 3298 atque

141 3329 158 3374 4
177 3307 305 3372 ltaliam
319 3307 403 3371 tueri
420 3329 486 3371 non
501 3312 618 3394 potest,
632 3312 756 3371 vestrae
770 3310 845 3374 fidei
859 3311 1027 3375 commisit.
1048 3313 1095 3376 At
1109 3315 1195 3395 sunt,

178 3405 235 3487 qui
258 3426 315 3468 101
337 3404 518 3488 hortentur,
540 3408 578 3467 ut
601 3427 619 3467 a
641 3404 736 3468 nobis
761 3406 951 3470 desciscatis.
998 3405 1083 3481 Quid
1109 3409 1192 3472 enim

178 3503 228 3560 est
251 3500 316 3561 illis
347 3500 499 3582 optatius²
528 3521 624 3581 quam
653 3523 717 3564 uno
745 3506 888 3584 tempore
916 3507 948 3567 11
970 3526 1030 3567 nos
1062 3505 1192 3570 circum-

179 3593 287 3655 venire
320 3597 351 3655 ct
383 3614 441 3656 vos
473 3594 595 3658 nefario
626 3597 742 3659 scelere
770 3599 992 3682 obstringere?
1030 3605 1087 3665 aut
1118 3603 1191 3686 quid
