2584 4075
195 202 238 264 30
544 202 593 255 DE
612 200 728 255 BELLO
749 201 857 256 CIVILI

195 346 275 410 clusi
298 345 485 410 fluminibus
508 346 626 410 reverti
653 367 757 429 neque
779 345 910 409 maximi
928 346 1138 428 commeatus,
1158 340 1212 425 qui

196 464 235 506 ex
256 442 353 507 Italia
376 442 544 528 Galliaque
568 443 749 528 veniebant,
770 443 805 506 in
834 447 939 507 castra
967 441 1135 525 pervenire
1157 460 1212 521 po-

161 544 309 606 sterant.
355 540 494 624 Tempus
525 544 594 604 erat
617 545 725 604 autem
751 539 985 623 difficillimum,
1013 558 1077 620 quo
1107 556 1213 618 neque

195 639 356 702 frumenta
379 639 414 702 in
436 638 557 702 acervis
581 640 672 701 erant
694 657 798 719 neque
819 635 960 699 multum
983 657 1002 697 a
1022 632 1213 697 maturitate

197 734 338 820 aberant,
366 739 398 799 et
426 736 572 799 civitates
602 734 792 819 exinanitae,
819 733 905 817 quod
932 731 1088 795 Afranius
1111 750 1213 813 paene

197 852 289 896 omne
312 832 510 895 frumentum
532 834 606 895 ante
626 829 772 895 Caesaris
792 829 964 894 adventum
982 827 1123 892 Ilerdam
1142 848 1213 890 oon·

196 932 340 1014 vexerat,
371 929 488 1012 reliqui
518 928 548 992 si
580 928 658 1012 quid
688 928 807 1013 fuerat,
840 925 957 991 Caesar
990 924 1213 1008 superioribus

163 1025 310 1090 adiebus
337 1030 592 1110 consumpserat,
619 1046 748 1110 pecora,
771 1023 857 1107 quod
887 1022 1062 1086 seeundum
1084 1024 1214 1106 poterat

199 1144 267 1186 esse
289 1122 417 1206 inopiae
440 1122 628 1208 subsidium,
651 1127 783 1206 propter
810 1120 932 1183 bellum
954 1120 1112 1184 finitimae
1140 1120 1213 1183 eivi-

164 1224 281 1285 7tates
313 1219 443 1304 longius
475 1222 684 1282 removerant.
731 1217 793 1294 Qui
825 1221 916 1281 erant
948 1217 1127 1300 pabulandi
1159 1222 1214 1281 aut

197 1317 414 1380 frumentandi
436 1338 531 1380 causa
553 1316 726 1401 progressi,
748 1316 808 1379 hos
836 1314 916 1377 levis
947 1318 1132 1377 armaturae
1153 1313 1213 1377 Lu·

199 1414 296 1477 sitani
319 1413 478 1496 peritique
502 1435 611 1476 earum
637 1414 807 1496 regionum
833 1411 948 1474 cetrati
974 1411 1136 1475 citerioris
1158 1409 1213 1473 Hi·
1282 1445 1283 1470 l

199 1511 329 1593 spaniae
360 1510 639 1594 consectabantur3
669 1510 787 1592 quibus
817 1513 886 1572 erat
915 1508 1055 1591 proclive
1084 1512 1214 1571 tranare
1282 1549 1283 1580 i

198 1606 326 1693 flumen,
354 1607 440 1691 quod
467 1606 663 1671 consuetudo
692 1628 803 1670 eorum
830 1606 973 1669 omnium
996 1608 1056 1690 est,
1083 1609 1123 1668 ut
1147 1605 1214 1668 sine

199 1705 327 1769 utribus
351 1705 390 1768 ad
413 1705 588 1769 exercitum
609 1725 676 1767 non
698 1708 781 1767 eaut.

165 1821 179 1868 1
265 1802 492 1867 XXXXVIHI.
529 1802 574 1866 At
598 1802 755 1864 exercitus
782 1799 911 1864 Afranii
934 1801 1079 1864 omnium
1107 1822 1214 1864 rerum

200 1899 383 1963 abundabat
411 1898 509 1981 copia.
555 1897 696 1961 Multum
723 1902 791 1961 erat
818 1898 1015 1961 frumentum
1047 1897 1214 1981 provisum

200 2001 232 2060 et
246 2000 433 2061 convectum
448 1994 667 2080 superioribus
686 1995 896 2081 temporibus,
914 1996 1052 2060 multum
1072 1995 1214 2059 exomni

200 2093 363 2176 provincia
390 2094 665 2177 comportabatur,
693 2115 809 2177 magna
837 2095 929 2178 eopia
955 2094 1068 2177 pabuli
1102 2116 1215 2178 suppa

165 2191 297 2256 atebat.
342 2189 467 2253 Harum
490 2190 633 2253 omnium
655 2212 762 2254 rerum
784 2191 954 2255 facultates
979 2191 1047 2254 sine
1071 2192 1142 2256 ullo
1165 2214 1215 2275 pe

199 2288 299 2351 riculo
332 2309 414 2370 pons
445 2286 567 2350 Ilerdae
599 2288 774 2370 praebebat
806 2293 838 2351 et
869 2288 940 2351 loca
971 2292 1061 2351 trans
1095 2287 1216 2352 flumen

200 2385 335 2469 integra,
358 2405 421 2466 quo
441 2383 570 2446 omnino
595 2382 712 2448 Caesar
735 2385 821 2448 adire
843 2407 911 2448 non
933 2389 1069 2467 poterat.

167 2498 181 2545 1
266 2480 301 2545 L.
338 2480 408 2543 Hae
425 2485 669 2563 permanserunt
688 2503 788 2565 aquae
808 2482 874 2544 dies
894 2482 1082 2564 complures
1115 2480 1216 2547 Cona-

201 2583 254 2643 tus
278 2582 327 2642 est
350 2575 467 2641 Caesar
490 2578 618 2645 reficere
640 2583 766 2664 pontes,
789 2579 844 2641 sed
866 2600 924 2642 neo
946 2578 1138 2663 magnitudo
1160 2578 1216 2642 flu·

200 2678 296 2743 minis
319 2675 526 2760 permittebat
548 2697 652 2759 neque
675 2677 714 2740 ad
740 2677 844 2759 ripam
861 2676 1041 2760 'dispositae
1065 2677 1216 2740 cohortes

166 2773 455 2840 radversariorum
477 2774 586 2856 perfici
609 2772 829 2857 patiebantur,
848 2773 934 2856 quod
952 2773 1018 2836 illis
1042 2774 1216 2856 prohibere

202 2876 270 2936 erat
279 2870 371 2934 facile
381 2891 453 2933 cum
462 2869 564 2952 ipsius
580 2869 722 2955 fluminis
735 2874 852 2933 natura
867 2874 963 2954 atque
978 2892 1080 2953 aquae
1093 2872 1215 2955 magni·

201 2969 320 3054 tudine,
333 2972 404 3031 tum
418 2967 503 3050 quod
517 2989 555 3029 ex
569 2967 649 3030 totis
664 2967 743 3050 ripis
762 2967 796 3029 in
815 2988 914 3030 unum
930 2970 1026 3050 atque
1041 2973 1217 3051 angustum

166 3068 307 3131 slocum
329 3064 393 3128 tela
415 3063 626 3147 iaciebantur3
649 3067 745 3147 atque
768 3067 836 3127 erat
855 3064 984 3128 difficile
1008 3064 1122 3128 eodem
1140 3070 1217 3129 tem-

201 3185 279 3248 pore
301 3162 503 3246 rapidissimo
527 3161 658 3224 flumine
681 3182 777 3243 opera
795 3162 945 3245 perficere
965 3164 996 3224 et
1014 3161 1081 3224 tela
1104 3162 1216 3226 vitare.

167 3274 181 3321 1
267 3262 318 3326 LI.
355 3260 533 3325 Nuntiatur
569 3257 704 3322 Afranio
741 3280 876 3343 magnos
913 3262 1125 3344 commeatus,
1164 3260 1218 3342 qui

201 3360 263 3422 iter
275 3358 437 3422 habebant
452 3357 490 3420 ad
505 3354 682 3440 Caesarem,
701 3354 741 3417 ad
753 3354 874 3418 flumen
887 3355 1080 3419 constitisse.
1115 3355 1218 3421 Vene-

133 3498 139 3508 ·
201 3459 275 3517 rant
303 3476 340 3518 eo
364 3453 525 3537 sagittarii
553 3475 590 3515 ex
618 3452 765 3536 Rutenis
793 3452 916 3535 equites
945 3473 984 3515 ex
1013 3450 1121 3516 Gallia
1146 3477 1218 3518 cum

202 3550 312 3611 multis
336 3549 434 3612 carris
457 3547 645 3631 magnisque
668 3547 913 3635 impedimentis,
943 3552 980 3611 ut
1003 3549 1068 3612 fert
1093 3548 1217 3615 Gallica
