2584 4075
193 236 236 300 32
543 235 592 288 na
611 233 728 288 annuo
749 232 857 287 crrim

159 400 172 448 1
259 378 343 444 LIII.
380 379 469 444 Haec
494 378 649 443 Afranius
676 376 885 461 Petreiusque
913 380 945 441 et
973 399 1083 441 eorum
1117 375 1209 440 amici

193 478 338 563 pleniora
361 477 459 541 etiam
482 481 579 560 atque
602 476 752 540 uberiora
767 474 905 539 Romam
923 474 963 538 ad
982 496 1058 538 suos
1077 474 1210 557 perscri-

194 576 321 641 bebant.
371 573 476 639 Multa
508 596 617 638 rumor
649 573 848 657 adfingebat,
884 576 922 635 ut
956 593 1057 656 paene
1089 571 1211 635 bellum

160 691 175 740 a
194 674 374 738 confectum
391 671 561 735 videretur.
599 669 721 746 Quibus
735 670 855 733 litteris
872 669 1059 752 nuntiisque
1073 666 1212 731 Romam

195 770 328 854 perlatis
346 768 457 853 magni
475 768 605 832 domum
623 788 797 830 concursus
817 764 857 829 ad
874 764 1045 829 Afranium
1064 786 1212 850 magnae-

196 889 257 951 que
279 865 514 950 gratulationes
537 863 671 947 fiebant3
694 864 789 927 multi
813 885 852 927 cx
870 861 966 927 Italia
989 863 1029 927 ad
1048 861 1106 927 Cn.
1121 861 1212 928 Pom·

195 963 303 1047 peium
321 961 615 1046 proficiscebantur,
633 962 698 1046 alii,
718 965 754 1025 ut
772 961 933 1044 principes
948 960 1046 1024 talem
1059 961 1213 1024 nuntium

197 1059 354 1144 attulisse,
373 1058 438 1144 alii,
456 1079 496 1122 ne
515 1061 665 1122 eventum
683 1058 760 1121 belli
784 1061 985 1141 exspectasse
1008 1062 1066 1120 aut
1090 1080 1130 1121 ex
1150 1080 1212 1122 om·
1285 1075 1286 1080 ’

196 1157 292 1221 nibus
315 1155 483 1220 novissimi
506 1155 631 1219 venisse
654 1155 846 1220 riderentur.

164 1274 177 1322 1
263 1251 364 1317 LIIII.
402 1251 483 1317 Oum
501 1253 536 1315 in
552 1252 604 1315 his
624 1252 784 1336 angustiis
802 1274 853 1316 res
878 1257 961 1316 essct
985 1255 1084 1335 atque
1103 1274 1211 1318 omncs

197 1352 267 1415 viae
291 1350 331 1413 ab
354 1349 539 1413 Afranianis
564 1349 723 1413 militibus
743 1349 970 1433 equitibusque
988 1349 1211 1415 obsiderentur
1285 1381 1286 1396 ¹

198 1470 256 1512 nec
282 1449 397 1530 pontes
425 1447 535 1530 perfici
562 1449 704 1533 possent,
731 1446 869 1530 imperat
896 1446 1056 1511 militibus
1088 1445 1212 1534 Caesar,

198 1549 235 1608 ut
258 1564 354 1607 naves
378 1543 507 1629 faciant,
530 1543 620 1606 cuius
644 1545 770 1627 generis
790 1566 863 1607 cum
882 1543 1102 1627 superioribus
1122 1546 1211 1609 annis

164 1657 180 1704 2
200 1663 276 1706 usus
299 1639 485 1704 Britanniae
509 1641 668 1704 docuerat.
706 1636 840 1703 Carinae
860 1662 896 1705 ac
914 1640 1018 1724 prima
1037 1644 1211 1706 statumina

201 1761 239 1803 ex
261 1738 324 1803 leri
346 1738 481 1801 materia
499 1738 632 1822 fiebant3
656 1736 817 1820 reliquum
835 1757 951 1820 corpus
969 1737 1102 1801 navium
1125 1740 1212 1803 vimi-

165 1855 181 1900 3
199 1837 295 1900 nibus
319 1838 505 1900 contextum
524 1834 620 1899 coriis
638 1833 852 1917 integebatur.
885 1833 954 1897 Has
972 1834 1132 1917 perfectas
1151 1859 1211 1900 car-

200 1934 245 1997 ris
268 1933 386 1997 iunctis
410 1932 537 1996 devehit
559 1934 658 1995 noctu
680 1931 770 1994 milia
792 1951 945 2014 passuum
968 1934 1122 1996 acastris
1141 1951 1212 1997 xxn

201 2031 383 2114 militesque
414 2028 466 2094 his
498 2030 635 2094 naribus
668 2028 788 2092 flumen
818 2031 1020 2112 transportat
1051 2031 1212 2096 continen-

166 2144 183 2190 4
201 2132 329 2211 temque
348 2128 436 2209 ripae
454 2128 569 2192 collem
582 2127 757 2210 improviso
775 2129 917 2209 occupat.
951 2125 1048 2191 Hunc
1061 2128 1213 2213 celeriter,

201 2225 388 2308 priusquam
421 2223 461 2286 ab
490 2225 679 2288 adversariis
709 2223 880 2309 sentiatur,
913 2225 1097 2289 communit.
1144 2225 1213 2290 Huc

200 2320 360 2405 legionem
384 2325 497 2405 postea
519 2320 627 2385 traicit
646 2325 743 2407 atque
761 2343 801 2384 ex
818 2325 955 2404 utraque
973 2326 1065 2404 parte
1083 2327 1214 2406 pontem

169 2417 392 2514 &Qum
415 2418 512 2482 biduo
535 2418 669 2501 perficit.
714 2417 766 2483 Ita
789 2421 984 2482 commeatus
1007 2423 1049 2504 ct,
1074 2421 1131 2503 qui
1153 2422 1214 2485 fru-

202 2515 365 2579 mentandi
389 2537 483 2579 causa
507 2520 738 2601 processerant,
755 2518 828 2579 tuto
848 2514 888 2578 ad
907 2535 940 2578 se
959 2514 1073 2597 recipit
1097 2519 1131 2579 et
1150 2539 1214 2580 rem

203 2613 446 2676 frumentariam
469 2612 615 2697 expedire
637 2613 760 2697 incipit.

170 2725 183 2771 1
270 2709 335 2775 LV.
372 2709 494 2774 Eodem
521 2710 571 2774 die
599 2711 744 2795 equitum
770 2731 920 2795 magnam
942 2712 1066 2793 partem
1097 2710 1214 2774 flumen

204 2808 337 2873 traiecit.
374 2804 436 2881 Qui
457 2807 662 2891 inopinantes
681 2808 886 2892 pabulatores
905 2812 937 2872 et
952 2809 1020 2872 sine
1038 2809 1107 2873 ullo
1127 2809 1215 2874 dissi·

204 2910 297 2989 patos
320 2905 436 2967 timore
460 2905 603 2989 adgressi
624 2927 778 2991 magnum
805 2928 973 2970 numerum
998 2906 1216 2971 iumentorum

205 3006 300 3085 atque
318 3000 485 3065 hominum
504 3002 712 3085 intercipiunt
726 3004 976 3088 cohortibusque
995 3004 1128 3068 cetratis
1146 3005 1215 3069 sub·

205 3099 286 3163 sidio
314 3098 422 3162 missis
450 3099 587 3162 scienter
614 3099 650 3162 in
676 3098 754 3163 duas
784 3103 893 3182 partes
917 3120 986 3162 sese
1009 3099 1216 3185 distribuunt,

205 3196 260 3260 alii
283 3199 320 3260 ut
342 3196 477 3279 praedae
500 3196 659 3279 praesidio
684 3196 759 3282 sint,
782 3196 837 3259 alii
859 3201 897 3260 ut
914 3196 1119 3261 venientibus
1143 3198 1216 3262 resi-

170 3296 293 3357 astant
321 3297 417 3377 atque
445 3313 498 3357 eos
527 3293 722 3378 propellant,
749 3315 909 3377 unamque
932 3293 1108 3381 cohortem,
1138 3316 1217 3379 quae

204 3395 323 3453 temere
346 3393 420 3453 ante
443 3393 564 3454 ceteras
588 3394 680 3453 extra
703 3390 800 3454 aciem
822 3396 1035 3477 procurreret,
1061 3392 1217 3457 seclusam

206 3486 246 3548 ab
260 3486 392 3569 reliquis
403 3486 655 3550 circumveniunt
665 3491 761 3570 atque
770 3487 967 3551 interficiunt
977 3488 1216 3574 incolumesque

206 3604 278 3644 cum
300 3605 415 3666 magna
438 3583 555 3667 praeda
578 3583 687 3647 ecdem
710 3588 806 3666 ponte
825 3586 859 3648 in
878 3590 982 3649 castra
999 3593 1215 3653 revertuntur.
