2584 4075
365 267 477 323 coru.
497 269 517 324 1.
538 270 632 352 porr.
652 270 882 326 cruri-cxvi.
1089 271 1130 335 37

120 414 255 498 obicere,
287 414 466 478 conandum
492 417 601 478 tamen
628 418 724 498 atque
751 415 977 499 experiendum
1004 415 1130 481 iudicat¹

118 511 232 595 ltaque
255 510 447 575 infirmiores
470 511 590 575 milites
614 533 652 575 ex
677 513 825 576 omnibus
853 512 1006 575 centuriis
1034 513 1166 596 deligit

118 608 219 692 iubet,
243 629 380 691 quorum
403 612 459 671 aut
482 609 608 672 animus
632 613 689 673 aut
711 610 795 672 vires
822 609 1013 673 videbantur
1036 610 1131 672 susti·

117 727 193 769 nere
211 727 279 769 non
296 726 398 789 posse.
435 703 505 770 Hos
524 729 597 770 oum
614 706 741 790 legione
758 729 823 770 una
838 706 997 791 praesidio
1016 707 1129 795 castris
1149 723 1164 769 5

117 803 286 886 relinquit3
318 803 457 885 reliquas
494 803 637 888 legiones
670 804 833 887 expeditas
866 803 970 868 educit
1001 823 1131 886 magno-

118 922 180 984 que
203 921 337 963 numero
360 900 577 965 iumentorum
600 899 787 964 influmine
811 924 907 984 supra
929 905 1024 985 atque
1046 900 1131 963 infra

118 997 299 1061 constituto
323 997 461 1060 traducit
485 998 666 1062 exercitum.
712 996 810 1061 Pauci
832 1020 870 1062 ex
897 998 949 1063 his
971 991 1130 1062 militibus
1149 1014 1165 1061 1

117 1095 220 1159 ablati
243 1092 374 1157 flumine
397 1083 437 1158 ab
461 1094 607 1179 equitatu
631 1095 832 1179 excipiuntur
851 1118 886 1160 ao
910 1095 1130 1178 sublevantum

116 1192 230 1256 interit
249 1194 477 1256 tamemnemo.
494 1210 497 1215 ’
513 1190 673 1255 Traducto
692 1192 845 1255 incolumi
864 1192 1130 1275 exercitulcopias

116 1289 253 1355 instruit
275 1288 497 1371 triplicemque
520 1288 620 1351 aciem
641 1288 754 1352 ducere
776 1289 899 1373 incipit,
935 1288 983 1353 Ac
1003 1293 1130 1353 tantum
1150 1305 1164 1351 7

116 1388 180 1451 fuit
207 1387 244 1449 in
270 1386 428 1449 militibus
457 1385 569 1469 studii,
595 1389 633 1448 ut
655 1385 780 1449 milium
807 1403 845 1449 VI
872 1387 912 1450 ad
937 1387 1000 1450 iter
1022 1385 1130 1450 addito

117 1484 256 1549 circuitu
278 1503 457 1566 magnaque
475 1481 616 1545 fluminis
636 1482 676 1545 ad
693 1482 810 1546 vadum
827 1505 918 1547 mora
937 1483 1131 1566 interposita

117 1604 187 1666 eos,
220 1580 277 1664 qui
308 1580 346 1643 de
376 1579 477 1642 tertia
504 1578 616 1663 vigilia
643 1579 798 1664 exissent,
826 1583 899 1644 ante
925 1580 1039 1643 horam
1068 1580 1131 1643 diei

119 1694 156 1740 1x
180 1677 460 1758 consequerentur.

184 1770 283 1836 LXV.
320 1759 406 1847 Quos
424 1771 487 1852 ubi
504 1769 658 1836 Afranius
681 1773 794 1855 procul
811 1774 898 1837 visos
917 1796 989 1837 oum
1002 1772 1128 1839 Petreio
1150 1786 1163 1833 1

117 1869 296 1953 conspexit,
317 1890 402 1932 nova
428 1889 462 1931 re
489 1869 680 1952 perterritus
707 1870 787 1933 locis
815 1871 1035 1953 superioribus
1058 1893 1130 1936 con-

117 1969 207 2033 sistit
231 1966 392 2049 aciemque
415 1965 557 2030 instruit.
607 1964 724 2029 Caesar
751 1965 787 2028 in
813 1966 932 2050 campis
957 1968 1163 2032 exercitum

116 2066 235 2149 reficit,
266 2085 306 2127 ne
339 2063 497 2127 defessum
528 2064 651 2147 proelio
680 2063 811 2149 obiciat3
838 2086 949 2128 rursus
978 2070 1128 2130 conantes

116 2161 269 2248 progredi
290 2161 471 2244 insequitur
495 2164 527 2224 et
549 2165 702 2226 moratur.
747 2159 802 2225 Illi
823 2163 1002 2247 necessario
1028 2168 1163 2228 matu-3

116 2262 201 2345 rius,
235 2281 331 2343 quam
363 2258 611 2342 constituerant,
641 2262 747 2322 castra
782 2264 915 2343 ponunt.
970 2258 1130 2326 Suberant

28 2418 35 2436 ,
88 2432 89 2436 ¹
117 2359 205 2422 enim
227 2359 353 2420 montes
378 2359 474 2438 atque
497 2379 516 2419 a
535 2354 666 2418 milibus
689 2376 843 2437 passuum
865 2374 888 2418 v
910 2355 1027 2420 itinera
1049 2357 1130 2421 diffi-

44 2516 48 2523 .
117 2455 192 2521 cilia
215 2457 312 2537 atque
340 2455 477 2537 angusta
506 2452 714 2536 excipiebant.
760 2452 829 2517 Hos
857 2457 982 2517 montes
1009 2455 1164 2519 intrare4

117 2552 301 2637 cupiebant,
323 2554 361 2613 ut
384 2550 563 2633 equitatum
586 2550 762 2634 effugerent
785 2547 930 2614 Caesaris
951 2553 1131 2635 praesidiis-

118 2671 181 2732 que
212 2649 248 2711 in
279 2648 438 2732 angustiis
471 2647 645 2711 conlocatis
678 2646 852 2710 exercitum
880 2648 1007 2710 itinere
1023 2649 1130 2730 prohi-

117 2746 245 2831 berent,
271 2744 336 2828 ipsi
363 2745 432 2808 sine
458 2745 599 2827 periculo
627 2765 664 2807 ac
690 2744 806 2807 timore
832 2733 991 2808 Hiberum
1022 2747 1129 2829 copias

117 2843 329 2906 traducerent.
385 2839 476 2916 Quod
507 2842 570 2905 fuit
601 2842 668 2904 illis
701 2843 878 2905 conandum
915 2846 1011 2926 atque
1043 2846 1164 2908 omnio

117 2940 243 3005 ratione
262 2937 474 3023 efficiendum3
494 2939 549 3002 sed
566 2940 669 3003 totius
688 2938 750 3001 diei
768 2961 876 3024 pugna
895 2943 991 3022 atque
1004 2939 1129 3005 itineris

116 3038 228 3102 labore
250 3035 368 3099 defessi
389 3057 457 3099 rem
478 3036 514 3099 in
535 3040 702 3119 posterum
719 3036 803 3099 diem
822 3036 1021 3100 distulerunt.
1055 3034 1129 3101 Cae

10 3208 15 3217 ἡ
118 3156 171 3199 111
194 3154 323 3217 quoque
346 3132 382 3195 in
402 3133 549 3215 proximo
573 3134 654 3197 colle
677 3138 782 3219 castra
804 3134 904 3217 ponit,

183 3228 298 3294 LXVI.
335 3228 441 3293 Media
464 3231 590 3294 circiter
607 3235 701 3294 nocte
724 3231 775 3315 iis,
797 3231 853 3315 qui
878 3230 1019 3313 aquandi·
1035 3244 1162 3296 111111

117 3327 247 3411 longius
272 3349 290 3388 a
318 3327 432 3391 castris
460 3333 690 3412 processerant,
718 3328 944 3412 ab'equitibus
975 3327 1129 3409 correptis

116 3424 155 3487 fit
179 3423 219 3487 ab
242 3421 294 3486 his
318 3423 435 3495 certior
463 3421 579 3488 Caesar
601 3427 697 3490 duces
720 3425 973 3489 adversariorum
1002 3424 1129 3487 silentio

117 3521 226 3604 copias
250 3519 364 3584 castris
389 3514 526 3586 educere.
564 3521 633 3598 Quo
654 3522 783 3605 cognito
807 3523 935 3606 signum
954 3520 1022 3583 dari
1039 3517 1131 3582 iubet

117 3622 149 3681 et
167 3639 245 3681 vasa
263 3616 396 3679 militari
414 3640 502 3682 more
521 3618 719 3683 conclamari.
756 3618 810 3681 1111
829 3618 977 3681 exaudito
992 3616 1131 3679 clamore
1150 3632 1168 3675 2
