2584 4075
210 256 274 319 126
334 333 342 348 ·
559 256 607 309 nn
627 255 744 309 suano
764 255 873 309 crvur
1278 214 1284 235 ’

208 400 454 485 progrederetur
486 423 504 464 a
536 400 652 465 castris
684 400 751 463 suis
786 399 987 482 collibusque
1018 398 1219 483 Pompeianis

209 498 308 561 aciem
332 496 498 561 subiceret.
535 495 622 572 Quae
644 518 695 560 res
718 496 752 560 in
776 497 843 560 dies
865 496 1138 560 confirmatiorem
1156 496 1220 559 eius

174 594 383 660 uexercitum
416 587 581 658 efficiebat.
638 591 792 678 Superius
828 597 938 657 tamen
968 593 1160 657 institutum
1190 594 1222 656 in

210 691 384 777 equitibus,
407 691 493 775 quod
511 690 810 776 demonstravimus,
829 690 988 775 servabat,
1010 694 1048 753 ut
1072 691 1222 774 quoniam

209 810 341 853 numero
373 789 485 852 multis
518 788 666 872 partibus
703 791 787 852 esset
823 788 969 873 inferior,
1005 788 1222 851 adulescentes
1267 798 1272 807 “

210 889 305 970 atque
341 886 505 969 expeditos
543 907 581 949 11
614 884 834 969 antesignanis
866 885 983 948 eleetos
1016 884 1152 948 mutatis
1185 886 1223 948 ad

210 982 432 1066 pernicitatem
452 982 552 1046 armis
576 984 662 1046 inter
684 982 808 1065 equites
831 983 983 1066 proeliari
1010 982 1146 1068 iuberet,
1167 983 1224 1066 qui
1281 930 1284 1031 i

210 1079 620 1144 cotidianaconsuetudine
634 1100 730 1143 usum
748 1101 876 1162 quoque
894 1081 962 1143 eius
985 1080 1112 1165 generis
1135 1102 1224 1164 prce

174 1177 328 1241 41111111
349 1176 557 1259 perciperent.
602 1175 664 1240 His
688 1181 756 1240 erat
779 1177 875 1241 rebus
899 1177 1056 1262 effectum,
1078 1180 1116 1240 ut
1138 1178 1225 1261 equi·

210 1278 259 1337 tes
282 1273 370 1337 mille
393 1274 492 1336 etiam
513 1274 729 1356 apertioribus
751 1273 831 1338 locis
849 1291 900 1338 vn
917 1274 1043 1338 milium
1060 1274 1225 1360 Pompeia·
1282 1302 1283 1309 ¹

209 1391 325 1434 norum
352 1370 506 1454 inpetum,
533 1391 606 1434 cum
633 1371 759 1434 adesset
781 1393 869 1457 usus,
892 1373 1050 1436 sustinere
1073 1373 1225 1436 auderent

177 1479 313 1549 cneque
326 1487 520 1552 magnopere
539 1488 651 1531 eorum
669 1467 876 1531 multitudine
891 1471 1096 1532 terrerentur.
1127 1466 1225 1532 Nam-
1281 1466 1284 1509 l

212 1585 273 1648 que
300 1564 398 1628 etiam
429 1585 485 1646 per
513 1585 567 1628 eos
595 1565 663 1628 dies
691 1564 850 1649 proelium
877 1565 1049 1628 secundum
1077 1569 1224 1649 equestre

210 1661 288 1725 fecit
310 1664 407 1745 atque
430 1684 531 1726 unum
553 1661 765 1746 Allobrogem
793 1682 832 1724 11
859 1661 994 1746 duobus,
1016 1683 1099 1745 quos
1122 1664 1224 1747 perfu-

211 1758 297 1844 gisse
327 1760 366 1823 ad
391 1758 581 1842 Pompeium
607 1781 705 1842 supra
733 1759 913 1845 docuimus,
934 1780 1006 1823 curn
1034 1760 1223 1842 quibusdam

211 1857 379 1921 interfecit.

178 1969 190 2013 1
278 1953 435 2019 LXXXV.
471 1953 658 2040 Pompeius,
686 1954 742 2037 qui
769 1958 875 2018 castra
903 1954 938 2017 in
965 1954 1045 2017 colle
1076 1953 1224 2040 habebat,

213 2052 252 2115 ad
278 2051 405 2115 infimas
433 2051 554 2114 radices
586 2052 706 2115 montis
738 2053 839 2116 aciem
870 2051 1062 2137 instruebat,
1093 2074 1224 2139 semper,
1281 2135 1283 2142 4

212 2152 249 2211 ut
280 2147 462 2234 videbatur,
494 2152 697 2234 exspectans,
729 2149 757 2212 si
788 2149 909 2232 iniquis
937 2141 1017 2212 locis
1045 2146 1165 2215 Caesar
1193 2173 1224 2215 se

178 2244 380 2310 asubiceret.
418 2244 535 2310 Caesar
556 2246 646 2310 nulla
668 2247 795 2311 ratione
814 2246 854 2309 ad
872 2265 1015 2329 pugnarn
1037 2246 1110 2310 elici
1132 2270 1225 2330 posse

212 2340 399 2423 Pompeium
423 2341 610 2405 existimans
637 2343 720 2407 hanc
748 2343 811 2407 sibi
835 2341 1127 2408 commodissimam
1151 2346 1226 2409 belli

212 2437 370 2500 rationem
393 2437 555 2523 iudicavit,
577 2440 626 2501 uti
650 2444 755 2503 castra
778 2462 816 2503 ex
835 2461 869 2502 eu
892 2439 963 2503 loco
981 2445 1126 2505 moveret
1149 2465 1225 2506 sem-

213 2555 332 2619 perque
355 2539 439 2597 esset
462 2535 498 2598 in
520 2535 700 2622 itineribus,
721 2536 800 2601 haec
823 2540 979 2627 spectans,
1001 2540 1039 2600 11
1062 2541 1225 2603 movendis

214 2631 327 2697 castris
350 2631 563 2716 pluribusque
586 2633 738 2698 adeundis
761 2635 841 2699 locis
863 2634 1083 2698 'commodiore
1106 2659 1141 2700 re
1164 2639 1225 2702 fru-

213 2728 369 2794 mentaria
405 2732 564 2815 uteretur,
601 2731 759 2814 simulque
795 2732 830 2794 in
865 2731 980 2794 itinere
1012 2735 1050 2795 ut
1086 2734 1225 2818 aliquam

214 2827 411 2892 occasionem
434 2826 604 2891 dimicandi
626 2830 863 2892 nancisceretur
886 2832 918 2891 et
937 2828 1106 2893 insolitum
1124 2832 1165 2894 ad
1184 2831 1225 2894 la·

213 2927 323 2991 boram
343 2923 475 3008 Pompei
499 2926 673 2989 1111111111
691 2925 860 2989 cotidianis
879 2925 1051 2989 itineribus
1075 2927 1225 3013 defatiga-

179 3037 194 3082 3
213 3026 270 3086 ret.
306 3021 368 3085 His
392 3022 578 3087 constitutis
601 3023 707 3108 rebus,
726 3023 819 3107 signo
838 3023 903 3085 iam
921 3023 1131 3106 profectionis
1153 3025 1225 3088 dato

212 3118 490 3201 tabernaculisque
513 3119 652 3184 detensis
676 3120 932 3184 animadversum
954 3123 1003 3184 est
1032 3122 1130 3204 paulo
1153 3126 1226 3185 ante

213 3219 304 3279 extra
330 3215 524 3280 cotidianam
551 3217 813 3281 consuetudinem
840 3217 970 3301 longius
998 3240 1017 3280 1
1044 3217 1130 3281 vallo
1159 3240 1226 3282 esse

214 3312 311 3377 aciem
337 3311 470 3396 Pompei
498 3335 711 3401 progressam,
737 3319 775 3378 ut
801 3336 869 3378 non
894 3315 1006 3397 iniquo
1036 3313 1108 3378 loco
1131 3337 1225 3399 posse

178 3409 548 3475 411111111111111111,
595 3411 678 3475 Tum
706 3409 822 3475 Caesar
852 3410 936 3494 apud
960 3432 1046 3495 suos,
1068 3432 1142 3475 cunr
1164 3413 1225 3475 iam

213 3509 297 3569 esset
320 3527 436 3589 agmen
457 3507 492 3571 in
514 3509 634 3593 portis,v
651 3507 882 3571 ‘Differendum
910 3508 979 3591 est‚'
1009 3507 1126 3593 inquit,
1155 3509 1224 3572 'iter

212 3601 247 3662 in
278 3603 457 3683 praesentia
488 3603 582 3667 nobis
615 3608 648 3667 et
676 3604 713 3667 de
745 3605 867 3687 proelio
896 3604 1116 3690 cogitandum,
1146 3608 1224 3669 sicut
