2584 4075
303 230 414 284 sonu.
433 231 481 284 111.
520 229 596 285 cnr.
617 207 878 286 nuruum-un.
1033 234 1097 297 107

78 374 212 459 ignibus
230 377 325 439 nocte
344 374 493 438 cohortes
512 379 641 440 nostras
661 376 701 440 ad
715 376 912 440 munitiones
933 378 1099 462 excubare,

78 472 211 536 silentio
246 472 389 556 adgressi
421 472 587 537 universas
619 474 655 536 in
687 473 929 537 multitudinem
961 474 1098 558 sagittas
1130 506 1134 513 ·

76 569 260 633 coiciebant
284 572 316 632 et
339 590 373 631 se
392 568 562 633 confestim
581 570 621 633 ad
640 590 717 633 suos
735 570 939 652 recipiebant.
972 569 1096 645 Quibus
1116 591 1131 638 2

79 667 177 731 rebus
205 665 311 730 nostri
338 688 400 730 usu
431 665 517 730 docti
544 666 623 731 haec
650 666 852 749 reperiebant
879 667 1032 751 remedia,
1059 671 1097 731 ut

77 765 144 828 alio
167 765 240 828 loco
264 764 356 848 ignes
379 764 530 850 facerent,
552 764 615 827 ulio
639 764 824 829 emendarent
824 816 1095 829 ......

146 1054 199 1120 LI.
236 1055 371 1120 Interim
392 1055 509 1119 certior
532 1055 636 1118 factus
651 1053 685 1119 P.
701 1052 801 1140 Sulla,
819 1078 915 1140 quem
933 1056 1096 1121 discedens
1118 1081 1129 1122 1

75 1153 195 1219 castris
223 1152 418 1236 praefecerat
446 1149 577 1236 Caesar,
606 1152 726 1216 auxilio
755 1152 881 1217 cohorti
908 1154 996 1218 venit
1023 1175 1096 1217 cum

77 1250 264 1337 legionibus
293 1250 430 1333 duabus;
458 1249 548 1335 cuius
577 1248 717 1312 adventu
748 1249 841 1313 facile
868 1252 945 1313 sunt
975 1250 1096 1332 repulsi

77 1346 277 1432 Pompeiani.
314 1343 428 1429 Neque
451 1366 526 1409 vero
550 1345 765 1429 conspectum
779 1349 834 1410 aut
863 1346 1020 1430 impetum
1040 1364 1130 1413 noa

78 1449 226 1511 strorum
256 1444 416 1529 tulerunt,
447 1442 625 1526 primisque
657 1442 787 1507 deiectis
819 1444 937 1529 reliqui
968 1466 1002 1508 se
1028 1466 1096 1508 ver·

75 1546 191 1608 terunt
214 1545 247 1605 et
268 1542 340 1605 loco
363 1543 535 1604 cesserunt.
582 1536 645 1602 Sed
667 1539 872 1622 insequentes
894 1545 1034 1625 nostros7
1055 1563 1096 1605 ne
1115 1560 1130 1606 3

77 1640 211 1726 longius
238 1640 518 1722 prosequerentur,
546 1634 636 1702 Sulla
664 1638 833 1701 revocavit.
878 1637 925 1702 At
951 1639 1096 1722 plerique

73 1736 278 1822 existimant,
306 1736 334 1800 si
361 1735 465 1799 aerius
492 1734 620 1818 insequi
646 1733 813 1818 voluisset,
835 1734 957 1797 bellum
984 1756 1021 1798 eo
1045 1735 1096 1797 die

76 1834 227 1920 potuisse
249 1833 345 1897 finiri.
391 1830 491 1897 Cuius
515 1829 686 1894 eonsilium
707 1830 1002 1913 reprehendendum
1029 1852 1097 1894 non

76 1932 216 1996 videtur.
262 1928 355 1993 Aliae
379 1928 464 1992 enim
487 1930 563 1990 sunt
584 1927 686 2012 legati
708 1931 816 2010 partes
840 1932 936 2010 atque
961 1928 1096 2011 impera·
1115 1947 1131 1993 4

77 2030 176 2113 toris3
200 2028 282 2092 alter
306 2025 413 2092 omnia
436 2046 529 2110 agere
553 2024 593 2089 ad
615 2024 858 2109 praescriptum,
886 2025 967 2090 alter
996 2025 1096 2090 libere

76 2128 119 2191 ad
143 2147 304 2191 summam
326 2145 433 2188 rerum
455 2122 621 2186 consulere
649 2122 750 2185 debet.
797 2120 887 2186 Sulla
915 2146 933 2186 a
960 2121 1130 2188 Caesares

73 2224 238 2306 praesidio
265 2220 379 2285 castris
406 2219 538 2283 relictus
564 2217 711 2283 liberatis
744 2218 811 2282 suis
838 2218 900 2283 hoc
930 2220 993 2284 fuit
1024 2241 1097 2285 con·

76 2324 192 2385 tentus
215 2339 319 2401 neque
342 2317 464 2400 proelio
488 2317 650 2379 decertare
671 2316 785 2401 voluit,
808 2338 962 2400 quaeres
988 2321 1098 2382 tamen

79 2419 221 2483 fortasse
244 2414 384 2499 aliquem
406 2414 561 2496 reciperet
584 2433 703 2496 casum,
724 2432 765 2475 ne
787 2410 1010 2494 imperatorias
1034 2415 1097 2478 sibi

79 2519 190 2599 partes
220 2511 395 2595 sumpsisse
422 2511 592 2574 videretur.
637 2508 841 2592 Pompeianis
868 2529 1018 2594 magnam
1044 2527 1131 2575 rese

79 2614 120 2678 ad
148 2613 316 2693 receptum
343 2608 566 2671 difficultatem
594 2606 765 2670 adferebat.
811 2603 896 2669 Nam
923 2628 962 2670 ex
984 2607 1096 2691 iniquo

79 2707 247 2795 progressi
274 2705 345 2770 loco
372 2706 408 2768 in
436 2726 560 2768 summo
584 2703 810 2786 constiterant3
838 2701 867 2765 si
894 2723 950 2785 per
978 2702 1097 2767 declive

78 2827 150 2871 sese
173 2803 362 2886 reciperent,
384 2805 514 2865 nostros
538 2822 577 2864 ex
608 2800 771 2884 superiore
798 2799 1003 2882 insequentes
1026 2800 1096 2864 loco

79 2902 290 2983 verebantur3
312 2920 416 2982 neque
438 2898 579 2962 multum
602 2899 641 2961 ad
665 2897 743 2961 solis
767 2918 914 2961 occasum
942 2897 1097 2980 temporis

15 3045 16 3048 κ
79 3000 338 3085 supererat3spe
358 2997 442 3060 enim
461 2995 649 3059 conficiendi
662 2995 787 3080 negotii
804 3016 904 3079 prope
922 2993 958 3057 in
970 2998 1098 3058 noctem

78 3118 150 3160 rem
174 3094 341 3157 duxerant.
377 3090 429 3155 Ita
450 3092 630 3156 necessario
655 3096 751 3176 atque
774 3113 813 3155 ex
835 3095 980 3174 tempore
1002 3096 1131 3175 captor

78 3190 218 3258 consilio
232 3188 404 3271 Pompeius
418 3188 579 3252 tumulum
593 3190 751 3272 quendam
765 3189 941 3274 occupavit,
954 3188 1011 3272 qui
1029 3192 1097 3252 tan-

80 3294 152 3354 tum
176 3287 288 3353 aberat
311 3308 330 3348 a
351 3290 464 3359 nostro
488 3286 629 3370 castello,
651 3290 689 3349 ut
712 3287 813 3349 telum
838 3288 1000 3349 tormento
1023 3285 1097 3350 mis·

81 3409 154 3451 sum
178 3383 266 3468 adigi
288 3403 355 3447 non
376 3386 494 3467 posset.
539 3381 611 3446 Hoc
633 3383 778 3447 consedit
805 3383 876 3447 loco
905 3386 1001 3465 atque
1024 3403 1097 3448 eum

81 3480 294 3546 communivit
318 3500 490 3563 omnesque
513 3479 559 3543 ibi
582 3479 690 3563 copias
716 3480 883 3545 continuit.

148 3577 218 3643 LII.
256 3576 379 3640 Eodem
397 3580 541 3660 tempore
556 3578 680 3641 duobus
695 3581 860 3660 praeterea
878 3577 958 3641 locis
977 3599 1096 3663 pugna·
1117 3599 1130 3645 1
