2584 4075
322 216 432 273 COMM.
450 219 472 274 I.
510 217 586 273 CAP.
605 218 907 272 xxxviii-xxxxi.
1072 217 1115 280 25

95 364 178 428 teris
206 364 397 447 nuntiisque
423 363 612 447 temptabat.
657 362 697 427 ln
719 361 821 427 Sicori
847 362 978 425 flumine
1001 366 1115 445 pontes

98 462 251 525 effecerat
290 460 369 524 duos
406 460 562 524 distantes
595 460 680 524 inter
714 482 747 524 se
782 459 873 524 milia
909 480 1039 543 passum
1070 477 1115 522 lv.

97 559 160 623 His
185 558 344 642 pontibus
366 557 554 641 pabulatum
571 558 732 643 mittebat,
755 558 841 641 quod
863 578 910 642 ea,
932 577 1013 639 quae
1036 556 1116 619 citra

97 656 222 720 flumen
239 655 378 740 fuerant,
396 654 614 737 superioribus
633 654 745 718 diebus
764 655 1012 736 consumpserat.
1043 650 1115 716 Hoc
1134 662 1149 707 2

97 754 185 817 idem
208 753 277 817 fere
306 755 401 837 atque
424 752 532 815 eadem
559 752 598 815 de
624 773 720 816 causa
740 750 928 834 Pompeiani
958 749 1115 813 exercitus

87 849 196 915 'duces
220 849 391 936 faciebant,
409 849 582 934 crebroque
600 849 685 913 inter
705 871 738 913 se
757 848 960 933 equestribus
983 847 1114 931 proeliis

85 947 348 1016 contendebant.
392 945 466 1010 Huc
488 969 561 1011 cum
583 946 743 1011 cotidiana
762 944 990 1010 consuetudine
1013 965 1115 1028 egres-
1134 952 1149 998 3

98 1068 154 1111 sae
187 1044 436 1128 pabulatoribus
472 1043 631 1127 praesidio
663 1044 813 1128 propiore
842 1049 937 1125 potate
972 1042 1114 1125 legiones

96 1144 265 1209 Fabianae
293 1142 373 1205 duae
400 1141 520 1204 flumen
546 1140 739 1205 transissent
765 1141 1053 1224 impedimentaque
1084 1143 1115 1201 et

98 1242 206 1307 omnis
240 1239 404 1323 equitatus
438 1242 637 1323 sequeretur,
670 1237 778 1301 subito
809 1236 842 1300 vi
878 1239 1047 1300 ventorum
1083 1238 1115 1298 et

39 1358 44 1365 '
99 1360 203 1423 aquae
235 1336 457 1420 magnitudine
488 1357 569 1419 pons
607 1339 656 1399 est
691 1335 892 1418 interruptus
925 1336 957 1397 et
992 1332 1115 1416 reliqua

97 1434 278 1501 multitudo
303 1426 447 1516 equitum
469 1433 649 1497 interclusa.
696 1431 765 1508 Quo
789 1433 918 1517 cognito
943 1454 961 1494 a
987 1428 1113 1494 Petreio
1133 1438 1150 1485 4

99 1539 135 1598 et
165 1531 303 1597 Afranio
336 1551 375 1593 ex
407 1550 521 1614 aggere
554 1532 650 1613 atque
682 1530 840 1615 cratibus,
871 1551 952 1613 quae
984 1527 1114 1592 flumine

80 1631 299 1714 *ferebantuq
322 1628 465 1692 celeriter
488 1649 547 1691 suo
569 1630 668 1710 ponte
690 1626 854 1712 Afranius,
878 1648 971 1710 quem
996 1624 1112 1708 oppido

100 1727 283 1810 castrisque
306 1723 511 1788 coniunctum
532 1724 682 1810 habebat,
704 1724 847 1808 legiones
865 1741 902 1786 lv
923 1723 1114 1806 equitatum·

101 1848 164 1911 que
188 1844 317 1888 omnem
339 1820 465 1885 traiecit
483 1820 669 1904 duabusque
687 1820 838 1884 Fabianis
858 1819 994 1883 occurrit
1016 1817 1113 1901 legio-

100 1924 208 1988 nibus,
256 1918 356 1984 Cuius
380 1918 518 1981 adventu
540 1918 690 1982 nuntiato
713 1918 747 1982 L.
770 1917 917 2003 Plancus,
939 1916 996 2000 qui
1017 1915 1148 1999 legio-5

52 2103 54 2106 Α
101 2021 200 2086 nibus
238 2019 398 2102 praeerat,
434 2016 612 2079 necessaria
648 2037 682 2080 re
719 2019 847 2081 coactus
886 2014 993 2079 locum
1028 2013 1113 2097 capit

103 2116 304 2202 superiorem
317 2114 537 2198 diversamque
551 2113 650 2177 aciem
661 2114 697 2178 10
714 2116 792 2178 duas
811 2118 918 2198 partes
937 2112 1115 2204 constituit,

101 2239 142 2280 ne
171 2216 212 2278 ab
247 2211 393 2295 equitatu
428 2211 649 2275 circumveniri
675 2215 792 2296 posset.
841 2210 893 2275 lta
925 2215 1148 2295 congressusss

103 2313 221 2397 impari
244 2331 376 2374 numero
395 2330 529 2393 magnos
548 2310 686 2392 impetus
705 2309 868 2392 legionum
890 2308 1114 2393 equitatusque

105 2410 254 2475 sustinet.
292 2405 471 2471 Commisso
499 2407 540 2469 ab
568 2406 732 2491 equitibus
754 2406 876 2488 proelio
901 2406 992 2490 signa
1018 2405 1148 2489 legio-7

103 2529 183 2570 num
210 2505 346 2567 duarum
374 2502 487 2586 procul
514 2503 554 2567 ab
581 2504 728 2589 utrisque
754 2502 1006 2588 conspiciuntur,
1036 2523 1114 2585 quas

105 2603 139 2669 Ο.
171 2601 301 2666 Fabius
325 2599 478 2663 ulteriore
515 2604 613 2683 ponte
650 2600 792 2664 subsidio
828 2600 949 2664 nostris
984 2599 1116 2662 miserat

106 2701 300 2784 suspicatus.
307 2698 376 2761 fore
394 2697 436 2782 id,
455 2698 541 2780 quod
559 2697 682 2783 accidit,
699 2700 736 2760 ut
755 2696 849 2760 duces
864 2696 1116 2760 adversariorum

106 2796 272 2862 occasione
296 2798 328 2858 et
350 2793 504 2857 beneficio
527 2792 689 2858 Fortunae
718 2794 909 2857 adnostros
938 2792 1115 2876 opprimen-

106 2897 163 2959 dos
186 2895 362 2963 uterentur.
400 2888 540 2965 Quarum
563 2892 701 2955 adventu
723 2890 880 2973 proelium
899 2887 1058 2951 dirimitur
1080 2911 1115 2952 ac

106 3014 181 3056 suas
204 2995 341 3071 uterque
362 2986 505 3071 legiones
528 2988 651 3052 reducit
672 2989 708 3051 10
729 2991 841 3052 castra.

171 3083 319 3152 XXXXI.
355 3083 405 3147 Fo
432 3084 529 3149 biduo
557 3083 674 3149 Caesar
701 3106 773 3147 cum
801 3083 962 3167 equitibus
994 3098 1148 3168 Dcccc,1

108 3208 188 3269 quos
209 3184 273 3248 sibi
291 3182 449 3266 praesidio
468 3182 651 3267 reliquerat,
667 3181 702 3245 in
720 3185 824 3244 castra
838 3180 990 3262 pervenit.
1019 3177 1116 3266 Pons,

108 3282 164 3365 qui
184 3282 291 3345 fuerat
313 3268 503 3362 tempestate
525 3279 735 3363 interruptuS,
757 3299 856 3360 paene
878 3278 946 3339 erat
964 3276 1115 3363 refectus3

107 3379 192 3442 hunc
213 3380 314 3441 noctu
332 3376 441 3459 perfici
458 3376 561 3439 iussit.
597 3374 672 3459 lpse
690 3375 819 3458 cognita
837 3373 982 3437 locorum
999 3377 1115 3439 natura
1134 3388 1149 3433 2

108 3477 199 3559 ponti
222 3474 400 3556 castrisque
422 3472 579 3556 praesidio
600 3495 655 3536 sex
677 3471 824 3535 cohortes
847 3468 1000 3551 relinquit
1019 3473 1115 3556 atque

109 3574 215 3638 omnia
246 3571 472 3654 impedimenta
508 3574 539 3632 et
570 3573 700 3653 postero
743 3567 793 3631 die
830 3565 976 3631 omnibus
1014 3570 1114 3651 copiis
