2584 4075
285 256 409 318 7ΟΟΜΜ.
428 257 474 312 ΙΠ,
513 257 589 312 CAP.
609 259 912 315 XXXVI-XXXVIH.
1070 262 1112 326 99

96 406 206 464 castra
233 422 363 484 campus
391 402 516 466 circiter
542 402 669 467 milium
696 426 849 488 passuum
876 424 921 489 vl,
949 405 1112 470 Domitius

96 499 215 563 castris
240 496 399 582 Scipionis
424 499 522 563 aciem
546 521 637 564 suam
661 501 806 586 subiecit,
827 503 883 566 ille
907 503 1028 566 avallo
1046 525 1112 567 non

96 597 259 661 discedere
286 596 508 679 perseveravit.
558 594 606 661 Ao
633 601 741 662 tamen
767 619 860 683 aegre
887 600 1020 663 retentis
1048 598 1146 664 Do-3

95 695 242 758 mitianis
260 692 421 757 militibus
445 697 494 758 est
511 694 641 780 factum,
658 717 699 759 ne
717 696 839 779 proelio
859 697 1112 781 contenebretur,

95 797 129 856 et
143 791 292 874 maxime,
306 789 392 873 quod
405 790 494 853 rivus
512 790 697 856 difficilibus
715 793 795 876 ripis
814 793 977 858 subiectus
997 793 1110 857 castris

95 887 259 973 Scipionis
286 907 476 971 progressus
503 892 689 953 nostrorum
720 890 922 974 impediebat.
968 889 1167 966 Quorum's*

95 987 242 1052 studium
264 984 524 1067 alacritatemque
546 987 711 1070 pugnandi
733 1009 806 1051 cum
828 988 1032 1072 cognovisset
1046 985 1110 1052 Sci-

93 1086 161 1170 pio,
184 1082 365 1166 suspicatus
393 1081 462 1145 fore
489 1085 526 1145 ut
553 1086 683 1166 postero
712 1083 763 1147 die
791 1088 847 1147 aut
874 1084 997 1149 invitus
1021 1085 1123 1148 dimi!

94 1203 168 1246 care
204 1183 372 1263 cogeretur
405 1181 460 1242 aut
490 1199 607 1264 magna
648 1202 721 1244 cum
755 1181 888 1245 infamia
924 1182 1038 1246 castris
1075 1205 1109 1247 se

94 1279 285 1360 contineret
312 1276 368 1359 qui
395 1296 511 1360 magna
538 1298 610 1340 cum
633 1279 871 1361 exspectatione
897 1279 1047 1365 venisset,
1065 1284 1109 1344 te-

92 1397 181 1440 mere
213 1394 404 1458 progressus
431 1376 558 1463 turpem
584 1373 700 1438 habuit
730 1376 851 1439 exitum
883 1380 915 1440 et
941 1381 1040 1440 noctu
1067 1399 1109 1440 ne

93 1470 302 1537 conclamatis
335 1470 463 1552 quidem
498 1471 583 1534 vasis
620 1471 740 1535 flumen
775 1474 906 1538 transiit
943 1478 1039 1558 atque
1074 1475 1109 1537 in

94 1569 227 1635 eandem
256 1570 395 1652 partem,
422 1588 460 1630 ex
488 1588 551 1650 qua
579 1572 723 1652 venerat,
750 1570 846 1634 rediit
872 1570 981 1654 ibique
1009 1592 1108 1655 prope

92 1667 214 1730 flumen
238 1664 324 1728 edito
347 1667 464 1727 natura
485 1663 686 1750 locoycastra
704 1666 821 1749 posuit.
857 1665 971 1731 Paucis
995 1668 1142 1731 diebusa

92 1762 296 1846 interpositis
319 1764 418 1825 noctu
440 1761 574 1825 insidias
601 1763 747 1845 equitum
769 1764 956 1849 conlocavit,
986 1785 1049 1848 quo
1072 1765 1108 1826 in

91 1861 163 1925 loco
189 1859 409 1943 superioribus
433 1840 502 1921 iere
530 1857 642 1922 diebus
669 1860 775 1922 nostri
800 1860 948 1942 pabulari
978 1882 1107 1925 consue-

93 1961 220 2043 verant3
244 1960 276 2020 et
299 1978 371 2021 cum
394 1955 554 2019 cotidiana
576 1956 805 2019 consuetudine
827 1955 862 2032 Q.
881 1955 997 2043 Varus,
1019 1980 1106 2041 prae-

92 2057 196 2122 fectus
220 2055 366 2138 equitum
378 2052 525 2139 Domitii,
547 2053 698 2138 venisset,
720 2053 828 2117 subito
851 2054 900 2117 illi
919 2076 958 2118 ex
980 2055 1105 2118 insidiis

93 2155 370 2219 consurrexerunt.
421 2146 483 2214 Sed
511 2151 617 2214 nostri
648 2150 777 2214 fortiter
807 2151 964 2235 impetum
996 2169 1140 2216 eoruma

92 2252 237 2315 tulerunt
270 2248 476 2331 celeriterque
508 2248 547 2311 ad
579 2269 655 2311 suos
689 2247 823 2331 quisque
851 2250 978 2314 ordines
1011 2251 1106 2313 rediit

93 2352 190 2431 atque
211 2346 299 2409 ultro
323 2345 466 2408 universi
488 2344 523 2408 in
543 2344 655 2408 hostes
677 2344 834 2428 impetum
856 2347 1008 2411 fecerunt.
1054 2347 1140 2410 Exi

91 2445 143 2509 his
171 2443 298 2508 circiter
324 2458 421 2505 nxxx
447 2441 639 2527 interfectis,
670 2442 802 2524 reliquis
830 2443 866 2506 in
891 2444 1002 2528 fugam
1034 2466 1105 2509 con-

91 2541 193 2625 iectis,
217 2539 342 2603 duobus
367 2539 493 2602 amissis
516 2538 552 2601 in
574 2542 679 2602 castra
703 2560 737 2601 se
758 2546 954 2621 receperunt.
978 2563 984 2573 ‘

157 2635 340 2703 XXXVIII.
369 2634 431 2699 His
454 2636 549 2699 rebus
574 2636 674 2719 gestis
697 2633 860 2700 Domitius
885 2658 1016 2720 sperans
1041 2636 1138 2702 Sci-1

91 2738 222 2820 pionem
241 2734 280 2797 ad
298 2754 440 2817 pugnam
458 2734 529 2797 elici
552 2753 647 2816 posse
666 2732 829 2796 simulavit
853 2756 922 2798 sese
946 2738 1104 2820 angustiis

91 2833 138 2897 rei
174 2830 403 2895 frumentariae
440 2830 612 2894 adductum
648 2834 753 2893 castra
792 2851 920 2894 movere
955 2832 1105 2917 vasisque

92 2932 228 2996 militari
245 2954 334 2996 more
353 2934 560 2998 conclamatis
578 2956 769 3020 progressus
787 2935 877 2998 milia
894 2956 1049 3017 passuum
1063 2954 1102 2999 111

93 3029 128 3092 in
149 3028 222 3092 loco
241 3029 356 3092 idoneo
376 3032 408 3093 et
427 3031 553 3094 occulto
573 3051 700 3095 omnem
718 3032 893 3094 exercitum
911 3032 1102 3114 equitatum-

92 3154 153 3217 que
177 3130 363 3195 conlocavit.
401 3126 508 3212 Scipio
532 3128 572 3191 ad
596 3129 791 3211 sequendum
809 3134 939 3212 paratus
959 3132 1103 3214 equitum
1123 3148 1137 3192 a

91 3249 242 3313 magnam
260 3230 384 3310 partem
404 3226 444 3288 ad
464 3225 694 3308 explorandum
707 3226 770 3289 iter
783 3224 921 3290 Domitii
939 3231 971 3290 et
989 3249 1104 3312 cogno-

92 3326 243 3390 scendum
266 3323 439 3407 praemisit.
475 3320 632 3397 Quicum
656 3326 762 3386 essent
785 3323 948 3407 progressi
971 3326 1103 3408 primae·
1122 3340 1137 3385 3

93 3445 154 3507 que
176 3427 301 3486 turmae
323 3419 456 3483 insidias
479 3419 697 3503 intravissent,
724 3441 763 3483 ex
789 3419 920 3482 fremitu
948 3442 1103 3505 equorum

92 3520 193 3584 inlata
212 3515 392 3599 suspicione
411 3515 451 3579 ad
469 3537 545 3579 suos
564 3538 598 3579 se
618 3517 757 3600 recipere
780 3520 962 3601 coeperunt,
985 3521 1103 3603 quique

92 3612 151 3678 hos
180 3612 409 3698 sequebantur,
436 3613 568 3677 celerem
595 3635 705 3678 eorum
731 3617 894 3697 receptum
928 3618 1103 3700 conspicati

791 3713 912 3745 ‘⁴ss

682 3771 732 3802 >v⁴
789 3765 841 3795 ,Ἅι
