2584 4075
191 226 235 290 52
537 226 586 280 DE
606 225 721 279 BELLO
742 224 851 279 CIVILI

188 375 311 456 roenta,
334 372 420 455 quod
442 375 492 435 est
514 370 682 438 castellum
695 367 956 450 Massiliensium,
978 366 1019 429 ad
1034 363 1204 428 Nasidium
1276 391 1278 410 ⁴

189 469 380 551 perveniunt
411 467 521 551 ibique
551 489 649 531 naves
682 466 855 550 expediunt
886 485 1064 546 rursusque
1096 484 1130 524 se
1166 460 1205 523 ad
1275 465 1277 516 1

192 565 427 650 confligendum
454 565 560 630 animo
588 564 779 629 confirmant
808 566 841 625 et
868 560 1002 626 consilia
1031 543 1226 623 communi-'

191 667 273 727 cant.
318 661 441 725 Dextra
463 685 537 745 pars
567 661 758 726 attribuitur
780 658 1049 742 Massiliensibus,
1075 656 1206 719 sinistra
1275 681 1278 692 ¹

191 756 334 822 Nasidio.
969 813 973 817 Α

158 876 172 924 1
258 849 298 918 V.
334 855 458 919 Eodem
475 855 596 919 Brutus
616 855 781 920 contendit
799 857 893 918 aucto
911 852 1045 917 navium
1063 872 1205 914 numero.

192 950 278 1015 Nam
301 952 340 1015 ad
363 974 426 1037 eas,
449 949 656 1041 quaefactae
679 955 770 1015 erant
792 950 924 1015 Arelate
948 970 1006 1032 per
1030 946 1207 1032 Caesarem,

193 1049 337 1133 captivae
367 1048 618 1114 Massiliensium
649 1051 847 1112 accesserant
874 1064 919 1109 11.
968 1044 1039 1108 Has
1068 1044 1207 1128 superio·
1237 1117 1241 1124 Ι

193 1145 284 1209 ribus
303 1146 414 1209 diebus
433 1146 585 1209 refecerat
603 1149 701 1228 atque
720 1144 869 1208 omnibus
887 1143 983 1206 iebus
999 1142 1206 1206 instruxerat.
1280 1137 1281 1162 ³

160 1242 307 1325 altaque
340 1264 414 1305 suos
446 1243 647 1326 cohortatus,
676 1263 755 1325 quos
783 1241 927 1325 integros
960 1240 1208 1322 superavissent,

194 1344 232 1403 ut
253 1340 355 1402 victos
379 1343 627 1424 contemnerent,
650 1339 763 1422 plenus
783 1337 853 1420 spei
871 1338 974 1400 bonae
993 1341 1092 1419 atque
1111 1337 1207 1400 animi

160 1437 428 1500 sedaremus-eos
455 1435 676 1522 proficiscitur.
722 1434 828 1498 Facile
861 1438 929 1499 erat
956 1456 995 1497 ex
1028 1435 1144 1498 castris
1174 1433 1207 1497 b.

195 1533 348 1600 llbebonii
375 1535 471 1616 atque
500 1533 649 1597 omnibus
678 1531 896 1616 superioribus
923 1531 1003 1594 locis
1026 1532 1208 1615 prospicere

195 1632 230 1696 in
256 1631 377 1716 urbem,
404 1634 441 1693 11
469 1630 572 1694 omnis
603 1631 761 1714 iuventus,
784 1629 923 1712 quaein
946 1627 1065 1712 oppido
1088 1651 1208 1692 reman-

196 1734 294 1815 serat,
321 1749 494 1811 omnesque
523 1728 696 1810 superioris
724 1726 839 1789 aetatis
869 1748 942 1789 cum
967 1725 1081 1788 liberis
1113 1730 1208 1810 atque

195 1827 351 1890 uxoribus
366 1826 402 1910 [†
420 1824 558 1908 publicis
582 1822 813 1908 custodiisque]
834 1828 890 1886 aut
913 1824 949 1887 111
966 1844 1060 1886 muro
1085 1824 1125 1886 ad
1144 1846 1208 1887 eae·

195 1923 264 1986 lum
285 1944 398 1987 manus
421 1922 587 1985 tenderent
610 1925 666 1985 aut
688 1920 809 2004 templa
827 1921 958 1985 deorum
976 1919 1208 1984 immortalium
1280 1933 1281 1956 ³

198 2019 321 2082 adirent
353 2022 385 2083 et
417 2021 490 2082 ante
522 2018 692 2084 simulacra
723 2016 858 2101 proiecti
889 2016 1060 2080 victoriam
1089 2018 1130 2081 ab
1160 2018 1206 2082 dis

129 2132 131 2138 “
163 2119 411 2199 rexposcerent.
456 2113 569 2199 Neque
597 2120 665 2178 erat
693 2104 863 2198 quisquam
891 2113 1043 2199 omnium,
1073 2116 1155 2198 quin
1176 2117 1208 2179 in

198 2212 266 2276 eius
298 2210 361 2273 diei
387 2232 463 2274 casu
490 2233 620 2275 suarum
652 2212 794 2275 omnium
823 2212 1026 2275 fortunarum
1059 2217 1209 2277 eventum

164 2306 372 2372 sconsistere
395 2308 599 2371 existimaret.
644 2306 729 2371 Nam
759 2312 791 2372 et
816 2308 946 2372 honesti
974 2329 1012 2371 ex
1040 2308 1209 2374 iuventute

199 2409 232 2468 et
249 2403 402 2488 cuiusque
417 2404 531 2467 aetatis
551 2405 741 2488 amplissimi
758 2407 951 2470 nominatim
969 2406 1095 2469 evocati
1114 2412 1209 2492 atque

199 2500 357 2565 obsecrati
378 2521 475 2564 naves
498 2503 754 2587 conscenderant,
772 2507 809 2565 ut
832 2503 861 2565 si
884 2503 962 2590 quid
984 2503 1112 2567 adversi
1135 2505 1209 2568 acci·

199 2600 308 2684 disset,
328 2619 369 2661 ne
392 2598 431 2661 ad
454 2599 631 2662 conandum
656 2600 783 2682 quidem
807 2599 870 2663 sibi
894 2599 1066 2682 quicquam
1094 2602 1210 2685 reliqui

198 2698 267 2761 fore
289 2696 445 2779 viderent,
474 2696 502 2758 si
530 2697 775 2781 superavissent,
802 2696 853 2760 111
881 2697 1064 2761 domesticis
1095 2699 1210 2782 opibus

198 2793 250 2858 111
272 2792 412 2858 externis
436 2792 565 2856 auxiliis
588 2794 626 2856 de
650 2793 752 2857 salute
775 2794 866 2858 urbis
889 2794 1094 2859 confiderent.

165 2908 178 2955 1
264 2888 320 2954 VI.
357 2886 535 2954 Commisso
554 2890 677 2972 proelio
700 2889 958 2955 Massiliensibus
981 2913 1032 2955 res
1057 2893 1151 2956 nulla
1173 2892 1212 2955 ad

198 2989 352 3052 virtutem
383 2985 497 3070 defuit3
529 2987 584 3050 sed
618 3009 775 3051 memores
812 3010 922 3052 eorum
958 2991 1212 3073 praeceptorum,

199 3107 281 3170 quae
302 3085 398 3168 paulo
422 3088 496 3147 ante
520 3082 559 3147 ab
584 3083 650 3146 suis
675 3090 868 3169 acceperant,
890 3084 952 3149 hoc
977 3084 1084 3151 animo
1109 3086 1212 3150 decer·

199 3183 322 3269 tabant,
344 3186 382 3246 11
403 3181 529 3246 nullum
552 3181 638 3244 aliud
661 3184 788 3264 tempus
807 3182 847 3244 ad
865 3182 1043 3246 conandum
1065 3181 1211 3246 habituri

199 3280 382 3345 viderentur
410 3282 452 3363 et,
480 3278 596 3361 quibus
623 3278 658 3340 in
684 3300 793 3363 pugna
820 3280 904 3343 vitae
927 3279 1105 3362 periculum
1135 3280 1212 3343 acci-

200 3377 299 3461 deret,
320 3397 385 3439 non
407 3375 454 3438 ita
475 3374 578 3437 multo
602 3395 636 3437 se
663 3376 861 3458 reliquorum
887 3375 1005 3439 civium
1031 3375 1137 3440 fatmn
1161 3400 1211 3440 an·

200 3471 342 3535 tecedere
365 3471 593 3553 existimarent,
620 3470 737 3553 quibus
765 3471 843 3534 urbe
871 3476 965 3554 capta
994 3471 1105 3536 eadem
1128 3478 1212 3537 esset

166 3566 278 3629 abelli
304 3568 434 3629 fortuna
461 3565 618 3648 patienda.
662 3565 873 3650 Diductisque
900 3568 1022 3632 nostris
1054 3570 1213 3652 paulatim
