2584 4075
159 215 202 277 20
507 211 555 264 DE
575 209 691 264 BELLO
711 209 820 264 clvnr

159 356 333 422 exercitum
354 356 453 421 iubet.
500 352 680 418 Sardiniam
703 353 869 418 obtinebat
891 351 934 416 M.
958 349 1068 437 Cotta,
1098 347 1176 415 Sici-

159 455 237 519 liam
258 453 301 519 M.
325 452 419 538 Cato,
441 451 584 518 Africam
603 455 690 516 sorte
708 450 835 515 Tubero
860 449 1005 513 obtinere
1027 448 1174 519 debebat,

125 550 346 637 aCaralitani,
368 550 554 632 simulatque
576 548 616 612 ad
639 569 673 612 se
695 546 862 622 Valerium
884 546 972 610 mitti
995 545 1176 633 audierunt,

159 650 302 713 nondum
315 648 458 732 profecto
473 668 513 710 ex
530 645 626 710 ltalia
644 667 703 710 sua
717 646 831 728 sponte
845 640 977 707 Cottam
994 664 1033 706 ex
1056 642 1175 725 oppido

161 746 287 810 eiciunt.
323 744 382 808 Ille
405 743 605 828 perterritus,
628 742 714 825 quod
737 761 863 805 omnem
881 739 1081 823 provinciam
1104 760 1177 802 eon·

109 842 114 851 ’
162 843 280 906 sentire
306 839 529 925 intellegebat,
555 861 594 903 ex
618 835 764 902 Sardinia
791 835 827 899 in
849 834 992 900 Africam
1019 836 1175 920 profugit.

128 958 144 1003 4
163 938 244 1003 caco
267 938 302 1002 in
329 934 439 1001 Sicilia
465 957 562 1000 naves
590 935 704 1019 longas
727 936 850 997 veteres
873 933 1046 1019 reficiebat,
1075 955 1176 997 novas

163 1035 349 1100 civitatibus
371 1033 558 1118 imperabat.
595 1030 684 1097 Haec
706 1051 824 1115 magno
848 1031 955 1095 studio
979 1030 1107 1116 agebat.
1138 1029 1178 1094 Iu

162 1131 299 1197 Lucanis
322 1130 524 1214 Bruttiisque
547 1151 604 1213 per
626 1130 751 1214 legatos
775 1148 851 1191 suos
874 1127 992 1191 civium
1016 1125 1177 1190 Romano-

163 1252 235 1293 rum
270 1229 404 1292 dilectus
440 1226 595 1311 habebat,
630 1225 776 1308 equitum
811 1223 1017 1307 peditumque
1053 1227 1178 1287 certum

1286 2 1291 151 l

1288 227 1291 332 l

129 1345 331 1391 anumerum
353 1348 372 1388 a
394 1323 580 1388 civitatibus
595 1319 723 1386 Siciliae
741 1319 897 1405 exigebat.
935 1318 1059 1395 Quibus
1080 1319 1176 1384 rebus
1291 1334 1292 1343 ¹

163 1444 262 1507 paene
289 1421 438 1506 perfectis
467 1420 604 1483 adventu
632 1416 782 1483 Curionis
810 1417 939 1502 cognito
968 1416 1116 1500 queritur
1144 1417 1178 1479 in

166 1520 313 1584 contione
342 1539 410 1581 sese
433 1517 611 1601 proiectum
636 1538 675 1580 ao
697 1515 861 1600 proditum
889 1512 986 1580 aCn.
1013 1513 1179 1598 Pompeio,

166 1617 222 1702 qui
240 1614 388 1680 omnibus
407 1614 503 1678 rebus
517 1613 780 1696 imparatissimis
798 1634 866 1677 non
881 1613 1098 1677 necessarium
1115 1613 1178 1677 bel-

165 1716 233 1779 lum
256 1712 448 1796 suscepisset
471 1715 503 1775 et
527 1710 567 1775 ab
587 1731 620 1773 se
639 1709 835 1792 reliquisque
853 1709 888 1772 in
906 1712 1020 1773 senatu
1042 1709 1179 1772 interro·
1246 1751 1248 1756 -

167 1816 261 1897 gatus
285 1809 392 1876 omnia
415 1808 478 1873 sibi
505 1829 574 1872 esse
602 1807 642 1870 ad
665 1805 786 1870 bellum
809 1810 885 1889 apta
908 1827 944 1871 ae
970 1809 1085 1889 parata
1103 1808 1179 1870 'oon-

166 1907 367 1972 firmarisset.
412 1904 501 1970 Haeo
532 1904 567 1967 in
597 1902 746 1967 contione
779 1906 911 1985 questus
944 1925 982 1967 ex
1013 1903 1181 1986 provincia

166 2004 260 2088 fugit.

134 2120 147 2165 1
228 2099 343 2165 XXXI.
366 2098 463 2164 Nacti
472 2121 588 2164 vacuas
597 2098 778 2183 provincias
789 2098 829 2162 ab
840 2096 1182 2185 imperiis,Sardiniam

168 2195 327 2281 Valerius,
340 2193 437 2260 Curio
453 2194 605 2280 Siciliam,
620 2217 694 2259 cum
711 2195 904 2260 exercitibus
923 2216 960 2260 eo
979 2196 1181 2279 perveniunt.

135 2312 150 2357 a
169 2291 295 2357 Tubero
314 2313 386 2355 cum
408 2293 444 2356 in
465 2291 607 2356 Africam
632 2292 787 2378 venisset,
808 2292 932 2356 invenit
958 2292 993 2356 in
1015 2293 1183 2376 provincia

169 2412 241 2454 cum
258 2388 392 2471 imperio
409 2387 538 2452 Attium
550 2387 686 2473 Varum3
701 2389 757 2472 qui
771 2390 811 2453 ad
824 2389 1010 2475 Auximum,
1027 2394 1065 2453 ut
1084 2412 1183 2475 supra

169 2486 467 2572 demonstrauimus,
494 2484 620 2550 amissis
648 2484 836 2550 cohortibus
864 2486 1011 2570 protinus
1042 2508 1081 2550 ex
1103 2489 1184 2573 tuga

170 2585 205 2648 in
225 2581 370 2647 Africam
396 2585 583 2667 pervenerat
610 2586 707 2666 atque
729 2605 799 2647 eam
826 2605 884 2647 sua
912 2587 1026 2667 sponte
1048 2606 1184 2649 vacuam

171 2684 381 2765 occupaverat
409 2679 589 2765 dilectuque
614 2679 728 2744 habito
751 2681 830 2744 duas
859 2680 1002 2765 legiones
1026 2681 1185 2772 effecerat,

170 2778 338 2843 hominurn
369 2781 401 2841 et
432 2777 576 2842 locorum
606 2777 725 2841 notitia
756 2781 790 2840 et
816 2798 877 2841 usu
904 2777 973 2841 eius
1000 2778 1184 2861 provinciae

170 2878 284 2939 nactus
309 2874 414 2938 aditus
442 2874 482 2937 ad
509 2896 546 2938 ea
572 2874 724 2958 conanda,
747 2873 833 2957 quod
855 2873 964 2957 paucis
992 2878 1067 2938 ante
1090 2877 1184 2939 annis

138 2990 153 3036 3
172 2995 211 3036 ex
229 2975 379 3055 praetura
398 2993 467 3036 eam
481 2971 678 3055 provinciam
692 2970 883 3034 obtinuerat.
919 2968 982 3033 Hic
1002 2971 1186 3036 venientem

172 3068 300 3134 Uticam
327 3089 396 3134 eam
422 3068 558 3132 navibus
586 3068 788 3132 Tuberonem
814 3070 912 3150 portu
939 3070 1037 3150 atque
1064 3069 1185 3151 oppido

171 3166 323 3249 prohibet
344 3187 448 3250 neque
472 3165 630 3230 adfectum
653 3163 835 3228 valetudine
853 3163 956 3226 filium
973 3185 1133 3246 exponere
1151 3166 1187 3229 in

172 3266 257 3326 terra
271 3263 404 3348 patitur,
418 3263 473 3327 sed
488 3261 625 3326 sublatis
640 3259 765 3325 ancoris
784 3260 932 3325 excedere
950 3281 987 3324 eo
1001 3260 1072 3325 loeo
1087 3262 1185 3346 cogit.

138 3376 152 3421 1
237 3358 370 3424 XXXII.
407 3358 467 3423 His
495 3358 591 3422 rebus
620 3357 773 3422 confectis
800 3354 930 3442 Caesar,
961 3360 998 3421 ut
1024 3358 1187 3442 reliquum

172 3460 298 3536 tempus
331 3478 350 3518 a
379 3456 489 3520 labore
520 3454 803 3538 intermitteretur,
830 3455 949 3517 milites
976 3454 1012 3517 in
1038 3456 1189 3539 proxima

138 3561 154 3608 2
172 3550 346 3632 municipia
369 3552 507 3635 deducit,
530 3550 599 3631 ipse
619 3550 659 3613 ad
678 3549 791 3612 urbem
809 3548 1030 3630 proficiscitur.
1065 3549 1188 3616 Ooaoto
