2584 4075
172 247 235 311 116
519 246 567 300 DE
586 245 703 301 BELLO
723 246 831 301 CIVILI

136 407 152 454 5
171 390 363 456 deturbavit.
400 391 481 455 Erat
500 390 644 471 obiectus
663 391 768 474 portis
783 390 907 454 ericius.
944 390 1008 454 Hie
1020 381 1187 476 paulisper

172 492 221 553 est
247 493 436 573 pugnatum,
463 509 536 552 cum
562 488 744 571 inrumpere
769 488 875 552 nostri
904 491 1109 572 conarentur,
1135 486 1188 550 illi

171 590 276 649 castra
299 585 511 671 defenderent,
533 585 714 663 fortissime
736 584 771 649 Τ.
798 582 947 684 Pullorm,
974 585 1064 648 cuius
1089 605 1189 667 opera

171 683 335 765 proditum
367 682 539 746 exercitum
573 679 606 746 O.
639 680 775 745 Antonii
812 681 1116 764 demonstravimus,
1147 700 1188 765 ep

12 860 19 871 d
138 780 242 845 eloco
265 782 498 863 propugnante.
544 777 739 843 sedamen
759 777 865 841 nostri
892 777 1013 841 virtute
1039 778 1189 841 vicerunt

173 876 342 959 excisoque
374 876 470 939 ericio
502 876 605 959 primo
633 875 669 939 in
695 876 817 939 maiora
844 879 959 960 castra,
985 877 1060 958 post
1089 874 1190 938 etiam

173 974 208 1037 in
238 973 418 1059 castellum,
451 974 537 1057 quod
566 976 635 1037 erat
666 972 827 1036 inclusum
853 970 1030 1035 maioribus
1063 971 1190 1055 castris,

173 1071 373 1155 inruperrmt,
396 1069 482 1152 quod
505 1090 542 1133 eo
560 1069 654 1153 pulsa
672 1069 758 1153 legio
778 1090 847 1133 sese
865 1072 1037 1153 receperat,
1055 1089 1190 1132 oenon-

173 1167 281 1231 nullos
304 1167 351 1231 ibi
373 1170 590 1251 repugnantes
612 1165 849 1230 interfecerunt.

141 1278 154 1325 1
240 1262 386 1327 LXVIII.
424 1260 486 1326 Sed
507 1261 660 1349 Fortuna,
683 1284 764 1347 quae
785 1261 961 1346 plurimum
983 1265 1093 1345 potest
1115 1285 1190 1326 cum

174 1360 210 1424 in
235 1359 368 1442 reliquis
397 1359 492 1422 rebus
521 1364 592 1422 tum
617 1360 787 1443 praecipue
808 1359 844 1422 in
865 1358 961 1443 bello,
990 1359 1099 1441 parvis
1121 1381 1189 1423 mo-

175 1457 291 1519 mentis
319 1476 452 1540 magnas
479 1477 586 1519 rerum
613 1456 880 1521 commutationes
909 1455 1020 1539 efficit3
1049 1459 1087 1520 ut
1105 1461 1191 1521 rum

141 1553 297 1619 reccidit.
342 1552 557 1618 Munitionem
583 1555 678 1631 enim,
707 1575 804 1637 quam
834 1552 995 1636 pertinere
1024 1576 1043 1617 a
1074 1555 1189 1618 castris

177 1649 216 1714 ad
237 1649 357 1714 flumen
380 1672 477 1734 supra
499 1651 797 1737 demonstravimus,
824 1650 929 1715 dextri
952 1647 1100 1715 Caesaris
1121 1673 1189 1716 cor-

175 1770 237 1811 nus
260 1747 408 1812 cohortes
431 1748 614 1833 ignorantia
631 1748 695 1812 ioci
713 1752 790 1811 sunt
809 1751 945 1831 secutae,
968 1768 1041 1811 cum
1060 1753 1189 1831 portam

178 1848 366 1928 quaererent
394 1849 636 1929 castrorumque
663 1866 733 1908 eam
759 1844 972 1909 munitionem
1004 1865 1075 1909 esse
1107 1845 1189 1910 arbi-

142 1945 347 2006 3trarentur.
384 1941 486 2023 Quam
508 1963 581 2006 cum
603 1944 687 2005 esset
711 1941 965 2015 animadversum
986 1943 1188 2021 coniunctam

177 2060 246 2104 csse
273 2040 411 2124 flumini,
442 2040 585 2124 prorutis
612 2040 848 2104 munitionibus
880 2039 1067 2104 defendente
1098 2043 1188 2105 nullo

176 2138 450 2222 transcenderunt,
473 2137 640 2220 omnisque
667 2140 778 2202 noster
805 2137 969 2221 equitatus
997 2157 1051 2223 eas
1079 2137 1188 2202 cohor-

177 2237 226 2297 tes
249 2238 299 2297 est
322 2238 458 2298 secutus.

143 2345 157 2391 1
242 2327 404 2393 LXVHH.
440 2329 574 2394 Interim
592 2330 764 2414 Pompeius
786 2329 847 2394 hac
870 2330 949 2393 satis
972 2329 1071 2416 longa
1093 2332 1188 2395 inter·

177 2427 259 2491 iecta
280 2447 371 2490 mora
394 2430 426 2490 et
448 2448 483 2490 re
504 2428 655 2492 nuntiata
681 2445 705 2490 v
731 2427 874 2512 legiones
902 2426 942 2490 ab
972 2448 1068 2511 opere
1096 2427 1187 2490 dedu-

177 2528 244 2588 ctas
268 2524 411 2589 subsidio
436 2525 502 2589 suis
530 2524 635 2610 duxit3
659 2525 831 2607 eodemque
854 2528 997 2607 tempore
1025 2525 1205 2609 equitatus

177 2623 245 2687 eius
258 2622 380 2687 nostris
394 2622 557 2705 equitibus
572 2621 860 2706 adpropinquabat,
879 2625 910 2683 et
930 2621 1012 2685 acies
1030 2622 1187 2686 instructa

179 2743 197 2783 a
218 2720 351 2805 nostris,
374 2721 430 2803 qui
453 2724 558 2784 castra
581 2722 822 2803 occupaverant,
844 2718 1043 2803 cernebatur,
1071 2718 1187 2783 omnia-

142 2830 239 2901 2que
262 2820 338 2881 sunt
362 2817 470 2881 subito
494 2820 626 2881 mutata.
657 2805 851 2898 Pompeiana
877 2815 963 2898 legio
992 2816 1105 2898 celeris
1133 2837 1187 2899 spe

178 2915 312 2978 subsidii
336 2915 522 2978 confirmata
545 2915 585 2978 ab
609 2915 781 2977 decumana
803 2916 899 2996 porta
924 2912 1076 2977 resistere
1098 2934 1186 2978 cona-

176 3012 272 3086 batur
296 3015 392 3094 atque
414 3012 501 3076 ultro
524 3012 559 3075 in
580 3014 710 3074 nostros
733 3010 890 3092 impetum
912 3007 1059 3073 faciebat.
1092 3009 1186 3093 Equi-

176 3112 264 3172 tatus
279 3105 435 3192 Caesaris,
453 3109 538 3191 quod
557 3111 695 3191 angusto
714 3107 828 3170 itinere
851 3127 909 3189 per
927 3126 1060 3190 aggeres
1085 3128 1185 3171 ascen-

176 3206 286 3290 debat,
321 3204 464 3286 reoeptui
497 3225 555 3268 suo
591 3205 709 3266 timens
745 3203 875 3266 initium
911 3203 1006 3288 fugae
1031 3200 1184 3267 'faciebat

142 3312 158 3358 3
176 3301 335 3365 Dextrum
356 3322 464 3384 cornu,
488 3301 573 3384 quod
596 3305 665 3363 erat
688 3289 706 3363 a
725 3301 857 3364 sinistro
877 3300 1046 3385 seclusum,
1067 3305 1185 3365 terrore

177 3399 322 3481 equitum
344 3398 573 3481 animadverso,
595 3419 635 3460 ne
658 3398 744 3461 intra
765 3397 978 3461 munitionem
997 3397 1184 3481 opprimere-

176 3496 239 3574 tur,
271 3515 307 3555 ea
345 3496 449 3577 parte,
482 3515 577 3575 quam
614 3497 795 3578 prorueret,
832 3515 901 3558 sese
932 3494 1120 3580 recipiebat,
1151 3515 1185 3557 ac

176 3585 319 3666 plerique
338 3610 376 3651 ex
394 3588 455 3672 his,
472 3610 512 3651 ne
531 3590 565 3651 in
585 3589 750 3671 angustias
770 3591 954 3674 inciderent,
972 3592 1051 3654 dc‘x
1072 3592 1184 3674 pedum
