2584 4075
249 244 364 299 COMM.
383 247 430 300 ΠΙ.
469 245 544 301 CAP.
564 248 912 305 LXXXllH—LXXXVH.
1025 254 1088 316 127

70 410 200 473 semper
227 389 479 474 depoposcimus.
524 390 642 457 Animo
671 395 771 459 simus
804 396 845 458 ad
875 396 1089 461 dimicandum

69 488 194 571 parati3
215 509 282 551 non
298 488 391 552 facile
411 490 610 553 occasionem
628 495 742 573 postea
759 493 973 576 reperiemus?
1008 491 1088 558 (lon-

70 584 247 667 festimque
269 585 432 668 expeditas
456 586 565 669 copias
589 587 702 653 educit.

73 739 78 747 .
138 679 314 745 LXXXVI.
351 682 522 767 Pompeius
553 706 690 770 quoque,
721 691 759 751 ut
787 691 900 771 postea
922 688 1119 772 cognituml

70 782 131 863 est,
155 798 288 842 suorum
315 781 458 843 omnium
486 779 620 845 hortatu
649 787 807 847 statuerat
834 784 957 868 proelio
985 785 1087 849 decer·

69 879 150 939 tare.
197 872 344 959 Namque
372 877 470 940 etiam
496 877 531 941 in
558 880 692 944 consilio
729 882 946 964 superioribus
974 882 1085 945 diebus

69 973 208 1058 dixerat,
230 973 421 1057 priusquam
444 982 668 1041 concurrerent
691 979 783 1064 acies,
803 979 873 1044 fore
900 980 950 1043 uti
972 980 1086 1044 exerei-

69 1076 125 1135 tus
150 1067 298 1134 Caesaris
321 1071 500 1153 pelleretur.
537 1072 574 1136 Id
598 1095 670 1138 cum
693 1080 800 1140 essent
822 1077 967 1161 plerique
990 1077 1120 1141 admi-2

68 1168 145 1254 reti,
169 1164 255 1232 ‘Scio
278 1167 348 1252 me,'
373 1167 488 1254 inquit,
517 1169 628 1252 ‘paene
655 1172 872 1237 incredibilem
898 1196 967 1238 rem
994 1175 1086 1257 polli-

70 1266 149 1350 ceri3
179 1264 235 1328 sed
261 1265 420 1328 rationem
442 1266 568 1330 consilii
596 1269 660 1332 mei
687 1268 829 1354 accipite,
859 1291 922 1353 quo
945 1270 1086 1334 firmiore
1160 1343 1162 1345 ¹

70 1364 180 1429 animo
204 1362 240 1425 in
261 1362 419 1445 proelium
446 1364 617 1447 prodeatis.
663 1362 812 1429 Persuasi
839 1367 1003 1449 equitibus
1031 1376 1120 1432 n0·3

70 1463 159 1547 strio,
182 1460 279 1543 idque
300 1459 381 1523 mihi
402 1460 544 1525 facturos
564 1463 841 1549 confirmaverunt,
863 1467 900 1526 ut
923 1486 995 1528 cum
1014 1487 1086 1549 pro-

70 1561 145 1645 pius
176 1557 219 1621 sit
248 1577 419 1643 accessum,
446 1557 594 1622 dextrum
621 1557 767 1623 Caesaris
795 1581 894 1623 cornu
923 1561 963 1625 ab
986 1561 1086 1625 latere

71 1659 184 1740 aperto
222 1654 470 1738 adgrederentur
507 1658 539 1717 11
576 1655 791 1719 circumventa
831 1679 850 1719 1
890 1659 982 1742 tergo
1019 1660 1085 1722 acie
1159 1668 1162 1677 '

70 1753 163 1839 prius
186 1750 412 1835 perturbatum
425 1751 609 1816 „exercitum
636 1752 800 1838 pellerent,
831 1776 927 1837 quam
950 1778 968 1818 a
989 1754 1084 1819 nobis

71 1852 175 1916 telum
196 1849 232 1912 in
253 1848 381 1912 hostem
404 1850 567 1913 iaceretur.
600 1849 652 1913 Ita
671 1850 739 1913 sine
757 1850 898 1933 periculo
921 1850 1085 1936 legionum
1103 1868 1120 1915 4

72 1954 105 2014 et
128 1968 229 2032 paene
256 1945 325 2009 sine
352 1947 482 2010 vulnere
509 1945 630 2010 bellum
658 1947 869 2012 conficiemus.
913 1947 951 2011 Id
978 1953 1085 2014 autem

72 2042 203 2109 difficile
238 2063 305 2105 non
340 2046 403 2127 est,
439 2063 512 2106 cum
547 2047 674 2108 tantum
721 2045 866 2128 equitatu
882 2063 885 2068 ·
903 2046 1084 2112 valeamus?

3 2139 6 2148 ⁴
72 2141 178 2207 Simul
201 2140 410 2227 denuntiavit,
432 2145 469 2204 ut
493 2145 599 2204 essent
618 2142 725 2206 animo
744 2142 849 2225 parati
867 2142 903 2205 in
920 2147 1086 2227 posterum
1104 2161 1120 2207 5

72 2241 166 2325 diem,
190 2237 341 2322 quoniam
368 2239 459 2302 fieret
487 2237 657 2301 dimicandi
680 2241 834 2325 potestas,
860 2243 897 2304 ut
920 2262 1014 2324 saepe
1036 2263 1086 2306 co-

72 2337 279 2423 gitavissent,
319 2357 381 2399 neu
418 2358 507 2399 suam
552 2356 616 2398 neu
657 2335 855 2419 reliquorum
903 2339 1086 2421 opinionem

70 2433 230 2498 fallerent.
978 2474 980 2478 ν

139 2526 330 2594 LXXXVH.
366 2527 461 2592 Hunc
482 2527 643 2593 Labienus
668 2531 793 2614 excepit
815 2536 857 2617 et,
879 2554 952 2596 curn
975 2531 1119 2597 Caesa-1

71 2629 117 2692 ris
142 2626 251 2709 copias
276 2625 460 2711 despiceret,
482 2623 615 2709 Pompei
638 2628 808 2692 eonsilium
832 2630 964 2693 summis
988 2629 1086 2693 laudi-

71 2726 134 2789 bus
158 2723 294 2808 efferret,
318 2720 427 2809 ‘Noli’
454 2723 570 2808 inquit,
599 2725 802 2811 existimare,
828 2725 975 2811 Pompei,
1000 2724 1086 2790 hunc

72 2843 143 2885 1111
171 2819 355 2905 exercitum,
382 2820 438 2903 qui
466 2818 605 2883 Galliam
633 2819 899 2906 Germaniamque
927 2821 1084 2886 devicerit.

72 2916 231 2982 Omnibus
264 2917 397 2981 interfui
434 2917 566 3001 proeliis
602 2939 705 3001 neque
739 2920 857 2981 temere
889 2917 1119 3002 incognitamr

72 3036 141 3078 rem
172 3013 356 3098 pronuntio
408 3013 585 3099 Perexigua
617 3037 692 3097 pars
724 3015 813 3079 illius
846 3016 1003 3079 exercitus
1036 3036 1085 3078 su-

73 3116 194 3196 perest,
218 3133 334 3196 magna
357 3134 431 3196 pars
456 3111 600 3196 deperiit,
618 3112 704 3194 quod
723 3112 862 3175 accidere
881 3115 931 3176 tot
954 3111 1085 3195 proeliis

73 3210 136 3273 fuit
158 3230 296 3294 necesse,
318 3210 438 3273 multos
462 3208 608 3272 autumni
630 3207 815 3290 pestilentia
838 3209 872 3271 in
896 3207 992 3271 Italia
1014 3229 1085 3272 con-

74 3306 222 3390 sumpsit,
242 3304 338 3368 multi
361 3305 491 3368 domum
513 3306 736 3390 discesserunt,
764 3306 859 3369 multi
883 3309 958 3369 sunt
981 3306 1085 3369 relicti
1116 3345 1118 3348 .

73 3403 109 3468 in
130 3400 316 3469 continenti.
351 3400 405 3464 An
426 3424 494 3465 non
516 3403 652 3466 audistis
672 3423 711 3464 ex
733 3403 784 3487 iis,
803 3403 858 3485 qui
876 3424 932 3485 per
956 3424 1084 3468 causam
1103 3419 1118 3464 3

73 3497 265 3564 valetudinis
284 3503 513 3584 remanserunt,
531 3499 679 3564 cohortes
700 3521 768 3562 esse
782 3499 945 3563 Brundisii
959 3500 1084 3565 factas?

4 3663 5 3666 ,
73 3595 142 3662 Η11
169 3596 288 3679 copiae,
316 3615 395 3676 quas
422 3595 547 3682 videtis,
578 3618 617 3660 ex
645 3596 813 3659 dilectibus
842 3597 959 3660 horum
986 3612 1119 3662 anno-4
