2584 4075
371 236 483 290 doun.
502 236 522 290 1.
561 236 637 290 cue.
656 237 803 291 xri-xv,
1052 238 1091 299 11
1135 265 1139 272 .

69 383 184 444 tutum
199 401 272 444 esse
283 379 461 465 [omnibus]
477 379 611 445 videtur.
644 378 772 465 Capuae
785 382 926 465 primum
940 404 1008 446 sese
1022 404 1095 446 con-

68 478 206 541 firmant
231 480 265 541 et
294 477 451 561 colligunt
480 478 695 561 dilectumque
723 478 920 564 colonorum,
945 479 1002 562 qui
1023 479 1094 562 lege

68 573 157 639 Iulia
182 573 331 658 Capuam
353 574 479 637 deducti
503 578 604 660 erant,
625 575 744 640 habere
764 577 954 660 instituunt3
977 577 1095 661 gladia·
1136 624 1140 629 ,

68 677 240 758 toresque,
268 693 350 754 quos
378 670 425 735 ibi
448 669 565 737 Caesar
592 673 627 735 in
649 674 725 738 ludo
747 674 898 759 habebat,
927 673 1095 738 adfurum

67 770 254 853 productos
282 767 437 832 Lentulus
465 790 518 851 spe
543 768 705 833 libertatis
735 769 902 834 confirmat
930 772 1027 851 atque
1053 768 1093 831 iis

67 886 175 948 equos
197 863 352 927 attribuit
370 868 402 927 et
421 885 454 927 se
477 866 569 948 sequi
586 865 698 950 iussit3
722 888 802 949 quos
821 871 934 950 postea
952 865 1094 936 monitus
1113 883 1129 930 5

67 964 112 1026 ab
138 961 222 1046 suis,
246 961 333 1044 quod
356 983 464 1025 cares
489 963 632 1026 omnium
653 963 771 1027 iudicio
794 963 1096 1048 reprehendebatur,

67 1049 207 1124 circum*
220 1058 363 1124 familias
391 1062 566 1122 conventus
595 1057 788 1143 Campaniae
815 1060 977 1125 custodiae
1000 1082 1095 1124 causa

69 1156 256 1222 distribuit.

139 1252 216 1319 XV.
254 1250 394 1317 Auximo
418 1251 535 1317 Caesar
557 1274 749 1337 progressus
770 1275 896 1318 omnem
914 1275 1027 1339 agrum
1044 1253 1094 1318 Pi·
1114 1273 1129 1319 1
1151 1297 1155 1300 1

71 1375 193 1435 cenum
210 1350 380 1434 percurrit.
418 1347 559 1413 Cunctae
576 1371 685 1413 earum
698 1350 866 1436 regionum
878 1353 1095 1435 praefecturae

72 1447 307 1515 libentissimis
334 1445 449 1510 animis
476 1468 550 1510 eum
575 1446 734 1528 recipiunt
762 1448 997 1531 exercitumque
1027 1448 1094 1513 eius

74 1536 238 1612 omnibus
255 1543 352 1607 rebus
374 1542 495 1606 iuvant.
531 1541 642 1606 Etiam
664 1540 812 1628 Cingulo,
834 1544 921 1626 quod
943 1546 1095 1628 oppidum
1114 1563 1129 1609 2

73 1645 243 1709 Labienus
273 1640 483 1704 constituerat
513 1661 633 1723 suaque
660 1641 795 1723 pecunia
827 1642 1096 1727 exaedificaverat,

74 1744 116 1806 ad
140 1762 218 1805 eum
240 1735 342 1820 legati
367 1735 515 1822 veniunt,
542 1758 685 1820 quaeque
707 1736 922 1823 imperaverit,
950 1761 984 1802 se
1011 1740 1095 1822 cupi-

74 1835 377 1904 dissime‘facturos
401 1833 601 1916 pollicentur.
637 1833 759 1897 Milites
777 1833 928 1919 imperat,
951 1835 1093 1899 mittunt.
1114 1853 1129 1898 3

75 1936 211 2001 Interea
230 1932 318 2016 legio
341 1948 391 1994 ΧΠ
410 1927 577 1994 Caesarem
595 1930 810 2014 consequitur.
848 1929 930 1995 Cum
951 1931 1003 1995 his
1022 1933 1096 1996 dua-

77 2035 141 2098 bus
164 2029 325 2096 Asculum
345 2021 497 2093 Picenum
519 2026 741 2111 proficiscitur.
781 2025 820 2091 Id
843 2028 996 2112 oppidum
1017 2028 1097 2095 Len-

76 2133 170 2196 tulus
206 2126 360 2211 Spinther
391 2143 415 2188 x
454 2124 641 2189 cohortibus
678 2126 821 2211 tenebat,
858 2126 914 2209 qui
951 2125 1096 2191 Caesaris

77 2229 224 2293 adventu
246 2224 377 2308 cognito
399 2221 545 2304 profugit
564 2243 602 2284 ex
622 2221 739 2305 oppido
758 2223 969 2308 cohortesque
990 2247 1097 2289 secum

78 2327 241 2391 abducere
272 2323 405 2384 conatus
437 2343 459 2385 u
489 2339 606 2402 magna
636 2323 729 2402 parte
760 2320 900 2384 militum
931 2321 1096 2387 deseritur.

79 2422 230 2487 Relictus
262 2417 297 2479 in
326 2415 441 2480 itinere
469 2438 541 2479 cum
567 2417 678 2498 paucis
710 2417 823 2481 incidit
854 2418 890 2482 in
915 2417 1132 2483 Vibulliuml

79 2519 206 2584 Rufum
232 2514 369 2578 missum
395 2536 414 2577 a
435 2511 587 2596 Pompeio
611 2514 646 2577 in
669 2535 782 2598 agrum
808 2513 960 2579 Picenum
986 2518 1097 2580 confir-

79 2615 272 2681 mandorum
299 2610 467 2674 hominum
494 2632 597 2674 causa.
642 2609 675 2673 A
701 2631 764 2692 quo
796 2610 900 2675 factus
932 2610 1096 2675 Vibullius

80 2714 210 2796 certior,
238 2729 319 2791 quae
345 2729 396 2771 res
424 2708 458 2770 in
484 2705 600 2771 Piceno
624 2710 820 2793 gererentur,
847 2708 966 2771 milites
995 2707 1096 2771 abeo

81 2810 210 2893 accipit,
236 2805 343 2888 ipsum
370 2804 514 2868 dimittit.
559 2803 642 2867 Item
665 2826 704 2867 ex
726 2804 873 2868 finitimis
901 2804 1131 2889 regionibus,5

83 2929 163 2991 quas
187 2905 307 2989 potest,
333 2901 495 2966 contrahit
517 2902 666 2965 cohortes
694 2923 732 2964 ex
755 2901 924 2965 dilectibus
953 2900 1098 2985 Pompei-

81 3005 166 3086 anis3
189 3000 227 3064 in
248 2997 300 3061 his
315 2995 481 3061 Camerino
501 2998 679 3082 fugientem
696 2997 857 3062 Lucilium
873 2999 1008 3062 Hirrum
1026 3021 1098 3062 cum

58 3156 61 3168 .
81 3123 138 3166 sex
157 3095 357 3179 cohortibus,
376 3116 455 3178 quas
474 3095 521 3157 ibi
539 3095 573 3157 in
594 3095 754 3178 praesidio
777 3095 944 3180 habuerat,
967 3096 1097 3178 exeipit3

81 3199 204 3284 quibus
237 3192 355 3257 coactis
387 3209 450 3254 xlu
485 3191 590 3255 efficit.
637 3190 720 3256 Cum
755 3192 806 3256 his
844 3193 883 3255 ad
917 3191 1132 3256 Domitiumo

81 3289 338 3360 Ahenobarbum
370 3285 546 3351 Corfinium
581 3290 708 3373 magnis
745 3289 916 3352 itineribus
953 3289 1098 3370 pervenit

81 3391 317 3470 Caesaremque
349 3384 457 3448 adesse
490 3406 562 3448 eum
592 3386 774 3470 legionibus
807 3385 929 3449 duabus
959 3384 1097 3448 nuntiat.

81 3486 249 3554 Domitius
272 3505 329 3566 per
352 3504 386 3546 se
408 3481 534 3545 circiter
556 3500 605 3545 xx
627 3482 776 3546 cohortes
798 3481 892 3566 Alba,
919 3503 957 3543 ex
980 3478 1097 3544 Marsis
1118 3499 1133 3546 7

82 3592 115 3651 et
136 3582 312 3667 Paelignis,
334 3579 479 3643 finitimis
504 3579 545 3642 ab
568 3578 755 3663 regionibus
782 3581 938 3661 coegerat.
