2584 4075
343 252 1094 319 COMM.111.0AP.L11-Lv11.109
1130 213 1133 218 Ι

62 393 158 458 inita
176 395 291 479 vigilia
310 397 438 460 1111111111
457 399 631 462 exercitum
651 399 816 462 11111111
784 404 816 462 11
835 421 869 463 11
887 399 923 462 in
945 401 1094 507 antiquas

63 492 275 555 munitiones
299 493 426 577 recepit.

142 586 211 652 LV.
256 588 412 653 Omnibus
445 590 592 675 deinceps
626 592 738 656 diebus
772 589 888 655 Caesar
920 593 1128 657 exercitumr

65 687 107 749 in
142 686 245 749 aciem
277 709 414 771 aequum
446 688 481 750 in
518 689 625 753 locum
661 687 828 771 produxit,
864 688 892 750 si
923 686 1125 772 Pompeius‘

65 784 201 867 proelio
226 784 387 848 decertare
409 786 517 869 vellet,
538 789 576 848 ut
594 807 695 868 paene
714 785 827 848 castris
841 784 975 868 Pompei
996 786 1095 870 legio·

64 903 130 945 nes
170 881 345 965 subiceret,
377 886 569 965 tantumque
602 906 620 946 1
656 883 741 946 vallo
775 882 843 944 eius
875 883 979 966 prima
1013 883 1095 946 acies

66 979 199 1063 aberat,
222 982 260 1041 ut
282 979 317 1041 in
340 1001 410 1042 eam
433 979 534 1041 telum
556 982 718 1043 tormento
743 979 830 1062 adigi
848 984 966 1062 posset.
1003 979 1130 1043 Pom-2

66 1077 168 1161 peius
188 1079 306 1159 autem,
324 1080 360 1139 ut
377 1077 497 1138 famam
516 1076 763 1159 opinionemque
782 1076 949 1140 hominum
962 1081 1096 1161 teneret,

67 1176 120 1239 111
145 1195 206 1256 pro
232 1173 344 1236 castris
368 1173 543 1236 exercitum
570 1174 798 1257 constituebat,
825 1177 863 1236 ut
892 1174 990 1237 tertia
1012 1175 1094 1236 acies

67 1273 199 1336 vallum
223 1270 433 1354 contingeret,
456 1270 560 1333 omnis
585 1270 713 1353 quidem
735 1270 913 1334 instructus
937 1273 1094 1336 exercitus

68 1372 150 1433 telis
175 1391 216 1432 ex
239 1368 324 1432 vallo
347 1367 499 1451 proiectis
523 1367 652 1451 protegi
673 1371 792 1449 posset.
1223 1442 1227 1449 ¹

143 1465 229 1530 LVI.
266 1464 405 1547 Aetolia,
418 1463 608 1547 Acarnania,
626 1463 850 1545 Amphilochis
869 1488 926 1548 per
948 1463 1096 1530 Cassium
1114 1482 1128 1527 1

70 1563 263 1648 Longinum
286 1566 318 1624 et
342 1560 518 1625 Calvisium
542 1559 706 1643 Sabinum,
733 1564 770 1624 ut
797 1561 1095 1647 demonstravimus,

70 1660 216 1744 receptis
249 1659 469 1742 temptandam
502 1657 564 1720 sibi
592 1656 748 1720 Achaiam
776 1678 811 1720 ac
840 1657 937 1740 paulo
965 1659 1094 1743 longius

71 1757 349 1843 progrediendum
371 1755 577 1819 existimabat
600 1752 726 1816 Caesar.
772 1753 886 1837 ltaque
914 1776 951 1817 eo
980 1753 1013 1829 Q.
1038 1753 1129 1819 Car

72 1858 187 1920 lenum
209 1854 300 1917 misit
319 1854 411 1936 eique
427 1850 582 1915 Sabinum
601 1853 633 1914 11
648 1848 797 1913 Cassium
815 1871 886 1913 cum
906 1851 1094 1915 cohortibus

74 1952 234 2018 adiunxit.
290 1948 434 2025 Quorum
465 1947 596 2032 cognito
628 1948 768 2010 adventu
800 1946 944 2011 Rutilius
976 1947 1129 2033 Lupus,3

74 2053 132 2135 qui
160 2049 319 2114 Achaiam
346 2048 465 2111 missus
498 2070 516 2109 a
542 2044 696 2127 Pompeio
727 2046 909 2130 obtinebat,
935 2046 1096 2111 Isthmum

74 2145 282 2231 praemunire
317 2144 476 2227 instituit,
511 2146 548 2205 ut
583 2142 706 2205 Achaia
737 2142 865 2205 Fufium
901 2143 1095 2226 prohiberet.

75 2243 218 2308 Calenus
237 2241 392 2326 Delphos,
409 2240 546 2324 Thebas,
564 2237 801 2303 Orchomenum
823 2242 991 2304 voluntate
1013 2243 1096 2326 ipsa·
1114 2260 1131 2305 4

75 2364 151 2405 rum
182 2339 352 2403 civitatum
384 2337 518 2420 recepit,
548 2336 721 2399 nonnullas
745 2337 841 2400 urbes
869 2360 926 2420 per
953 2340 1019 2402 vim
1046 2362 1096 2403 ex-

76 2436 251 2523 pugnavit,
279 2434 420 2518 reliquas
448 2433 594 2496 civitates
622 2433 850 2498 circummissis
878 2436 965 2519 legat
951 2436 1095 2501 tionibus

77 2533 240 2599 amicitiae
273 2527 418 2594 Caesaris
451 2528 678 2592 conciliaret
648 2531 805 2594 st.udebat
852 2531 891 2594 In
917 2528 973 2597 his
1000 2534 1095 2597 rebus

77 2633 145 2696 fere
170 2633 239 2693 erat
262 2626 373 2691 Fufius
397 2629 531 2734 occupat
532 2648 578 2689 11.
850 2607 1110 2682 ’Ὗ

144 2726 246 2792 LVII
283 2724 372 2789 Haec
389 2746 462 2788 cum
474 2723 509 2785 in
527 2721 699 2785 Achaiat
666 2728 699 2785 at
701 2746 763 2807 que
781 2727 866 2809 apud
881 2726 1096 2809 Dyrrachium
1115 2741 1129 2786 1

79 2827 268 2911 gererentur
297 2820 577 2904 Scipionemque
567 2842 602 2883 11
625 2819 846 2884 Macedoniam
872 2823 997 2886 venisse
1025 2844 1096 2886 con-

81 2926 191 3006 111111,
212 2941 281 2983 non
308 2919 390 2982 oblit
376 2924 430 2982 tus
457 2916 540 3001 prist
542 2916 588 2978 ini
615 2917 682 2979 inst
683 2917 760 2980 11111
784 2916 901 2981 Caesar
930 2920 1033 2983 mittit
1057 2922 1097 2984 ad

80 3042 154 3085 eum
177 3018 336 3101 Clodium,
359 3039 453 3080 suum
476 3016 572 3097 atque
595 3014 683 3077 illius
711 3014 911 3099 familiarem,
938 3038 1033 3099 quem
1056 3019 1095 3081 ab

80 3118 136 3182 illo
160 3115 318 3180 traditum
340 3114 435 3177 initio
455 3116 486 3175 et
505 3112 814 3176 commendatum'in
838 3134 970 3175 suorum
991 3134 1096 3177 neces-

81 3215 240 3278 sariorum
262 3232 395 3274 numero
417 3209 536 3272 habere
558 3207 753 3271 instituerat.
789 3207 874 3272 Huic
895 3209 951 3271 dat
969 3209 1095 3273 litteras
1115 3223 1130 3268 a

80 3310 295 3391 mandataque
322 3307 471 3389 adeum,
499 3324 635 3386 quorum
662 3304 740 3369 haec
764 3308 832 3368 erat
855 3327 991 3368 summa:
1027 3328 1096 3369 sese

82 3408 189 3471 omnia
212 3405 251 3468 de
274 3424 350 3487 pace
374 3406 541 3486 expertum
561 3401 645 3465 nihil
664 3401 766 3465 adhuc
785 3403 933 3482 11111111
957 3404 993 3466 id
1014 3403 1096 3467 arbi-

81 3503 161 3567 trari
184 3500 265 3564 vitio
288 3499 409 3562 factum
433 3519 551 3582 eorum,
580 3519 662 3581 quos
691 3519 759 3561 esse
788 3502 933 3561 auctores
957 3499 1025 3563 eius
1049 3501 1095 3564 rei

82 3598 251 3681 voluisset,
280 3595 366 3679 quod
393 3617 451 3658 sua
482 3596 631 3658 mandata
664 3595 804 3677 perferre
834 3616 902 3657 non
933 3601 1094 3680 oportuno
