2584 4075
304 235 415 292 COMM.
435 238 469 294 Π.
507 237 584 293 CAP.
603 239 906 294 XXXV—XXXVIIII.
1068 241 1110 302 73

88 403 194 464 aquae
219 386 254 446 et
274 383 350 446 salis
369 383 470 467 copia,
489 383 579 447 ouius
597 404 715 467 magna
737 384 786 447 vis
809 384 874 447 iam
897 406 935 448 ex
955 385 1110 468 proximis

88 482 161 542 erat
196 479 311 543 salinis
344 501 381 544 eo
413 483 573 565 congesta.
629 479 706 545 Non
737 482 872 544 materia
905 481 1145 547 multitudines

89 575 258 660 arborum,
280 599 347 641 non
369 577 575 663 frumentum,
598 578 688 641 cuius
716 582 807 641 erant
830 578 1009 661 plenissimi
1032 580 1112 663 agri,

89 673 228 737 deficere
242 678 377 756 poterat.
409 672 524 757 Itaque
538 675 681 738 omnium
695 697 828 739 suorum
842 696 999 739 consensu
1012 672 1110 739 Curio

88 771 237 853 reliquas
261 772 369 854 copias
393 774 576 855 exspectare
599 775 631 835 et
654 771 775 835 bellum
797 773 909 836 ducere
931 771 1074 854 parabat.

157 866 342 932 XXXVIII.
379 865 441 931 His
466 868 653 931 constitutis
680 869 776 932 rebus
799 869 1009 952 probatisque
1038 888 1143 934 con-1

89 966 175 1029 siliis
210 987 249 1028 ex
281 965 425 1050 perfugis
457 965 651 1049 quibusdam
683 967 852 1051 oppidanis
881 966 970 1032 audit
995 965 1110 1030 Iubam

88 1066 280 1128 revocatum
302 1063 440 1127 finitimo
464 1062 548 1126 bello
568 1067 600 1126 et
619 1065 846 1128 controversiis
864 1063 1109 1148 Leptitanorum

88 1161 256 1225 restitisse
278 1160 313 1222 in
335 1181 433 1244 regno
457 1164 490 1223 et
513 1157 697 1245 Saburram,
719 1161 787 1224 eius
811 1161 1015 1246 praefectum,
1038 1182 1110 1225 oum

88 1258 309 1323 mediocribus
333 1258 433 1341 copiis
456 1257 591 1322 missum
609 1256 722 1322 Uticae
745 1258 1009 1341 adpropinquare.
1047 1257 1107 1321 His
1128 1276 1143 1324 2

89 1355 282 1421 auctoribus
301 1360 418 1418 temere
437 1356 565 1419 credens
585 1355 755 1419 consilium
774 1359 950 1420 commutat
969 1360 1001 1419 et
1019 1377 1108 1439 proe-

89 1457 136 1520 lio
160 1476 231 1517 rem
254 1453 453 1517 committere
480 1453 659 1517 constituit.
705 1452 846 1516 Multum
868 1453 908 1516 ad
936 1452 1019 1516 hanc
1041 1475 1108 1517 rem

89 1551 293 1637 probandam
317 1549 445 1613 adiurat
469 1550 693 1634 adulescentia,
715 1550 904 1634 magnitudo
928 1550 1035 1633 animi,
1059 1572 1108 1613 su-

90 1648 231 1734 perioris
254 1646 408 1729 temporis
432 1652 616 1730 proventus,
638 1647 754 1710 fiducia
776 1648 823 1710 rei
842 1646 922 1710 bene
944 1647 1106 1731 gerendae.

90 1746 155 1810 His
178 1745 276 1809 rebus
294 1744 452 1827 impulsus
475 1744 655 1826 equitatum
678 1765 804 1807 omnem
826 1744 929 1827 prima
950 1748 1044 1807 nocte
1067 1744 1107 1807 ad
1126 1760 1141 1806 3
1239 1766 1240 1769 ¹

90 1847 200 1908 castra
231 1841 377 1904 hostiurn
408 1840 512 1903 mittit
544 1840 584 1903 ad
615 1840 734 1903 flumen
765 1839 958 1925 Bagradam3
990 1840 1107 1923 quibus

91 1942 241 2026 praeerat
265 1935 415 2022 Saburra,
439 1937 476 2000 de
504 1958 568 2020 quo
597 1941 671 2000 ante
694 1941 763 2000 erat
786 1937 944 2021 auditum3
974 1938 1030 2001 sed
1051 1959 1108 2000 rex

91 2062 166 2104 cum
190 2034 340 2101 omnibus
364 2034 463 2119 copiis
489 2035 682 2119 sequebatur
705 2039 737 2098 11
760 2053 796 2099 vr
813 2035 939 2100 milium
954 2055 1108 2120 passuum

91 2134 265 2200 intervallo
290 2133 329 2196 ab
345 2130 486 2196 Saburra
509 2133 703 2196 consederat.
739 2133 877 2216 Equites
899 2134 991 2197 missi
1012 2139 1106 2198 nocte
1125 2149 1142 2196 4

91 2234 155 2298 iter
174 2230 349 2295 conficiunt
368 2229 649 2313 imprudentesque
668 2233 765 2313 atque
778 2230 982 2314 inopinantes
995 2231 1106 2296 hostes

92 2328 334 2414 adgrediuntur.
370 2323 529 2390 Numidae
552 2327 637 2390 enim
661 2327 797 2411 quadam
820 2327 958 2392 barbara
979 2350 1107 2392 consue·

92 2428 206 2492 tudine
232 2424 332 2488 nullis
361 2423 527 2488 ordinibus
550 2425 671 2507 passim
699 2425 914 2489 consederant.
959 2425 1029 2491 Hos
1054 2439 1141 2509 op-5

92 2544 223 2608 pressos
247 2543 359 2585 somno
384 2522 545 2605 dispersos
570 2522 675 2585 adorti
697 2544 850 2606 magnum
869 2544 979 2586 eorum
1000 2545 1108 2586 nume-

93 2644 166 2686 rum
178 2619 392 2702 interficiunt3
410 2620 505 2682 multi
524 2618 687 2702 perterriti
701 2619 898 2702 profugiunt.
936 2617 1005 2693 Quo
1021 2620 1106 2683 facto

93 2719 134 2782 ad
162 2715 335 2781 Curionem
362 2718 486 2800 equites
509 2719 714 2781 revertuntur
737 2716 944 2799 captivosque
968 2716 1008 2778 ad
1035 2738 1108 2779 eum

92 2815 257 2879 reducunt.

159 2909 358 2975 XXXVIIII.
395 2908 493 2977 Curio
512 2934 585 2976 cum
604 2910 753 2974 omnibus
772 2912 874 2995 copiis
896 2916 1011 2995 quarta
1028 2912 1106 2997 vigi-
1126 2923 1139 2970 1

92 3009 136 3073 lia
159 3009 281 3073 exierat
304 3009 491 3073 cohortibus
510 3027 534 3072 v
553 3009 667 3072 castris
686 3009 845 3092 praesidio
864 3008 993 3073 relictis.
1031 3008 1106 3074 Pro-

93 3127 224 3191 gressus
244 3105 334 3168 milia
351 3128 505 3190 passuum
522 3124 559 3169 vr
577 3106 703 3190 equites
722 3106 879 3190 convenit,
897 3128 965 3170 rem
983 3111 1106 3190 gestam

93 3202 259 3288 cognovit3
282 3224 299 3265 e
322 3203 458 3286 captivis
482 3199 616 3288 quaerit,
640 3204 713 3287 quis
737 3203 851 3266 castris
874 3202 914 3266 ad
927 3201 1106 3286 Bagradam

92 3299 227 3382 praesit3
250 3299 443 3382 respondent
468 3297 649 3363 Saburram.
686 3299 824 3382 Reliqua
847 3299 953 3363 studio
979 3300 1104 3364 itineris
1124 3311 1140 3357 2

93 3395 280 3460 conficiendi
296 3417 444 3478 quaerere
460 3398 689 3479 praetermittit
703 3396 911 3480 proximaque
932 3395 1103 3478 respiciens

93 3493 193 3577 signa,
212 3489 411 3578 ‘Videtisne'
429 3493 545 3577 inquit,
560 3493 700 3579 ‘milites
713 3493 913 3577 captivorum
928 3491 1106 3558 orationem

92 3610 163 3653 cum
190 3588 334 3672 perfugis
365 3590 553 3654 convenire?
587 3591 698 3655 abesse
730 3610 847 3674 regem,
873 3588 1005 3674 exiguas
1036 3611 1104 3655 essa
