2584 4075
251 253 367 308 COMM.
387 255 407 308 I.
445 255 522 311 CAP.
542 256 848 312 XXXXV-XXXXVI
863 259 883 312 1.
1009 217 1013 223 ‘
1032 260 1074 322 ⁴29

71 391 146 457 acies
176 399 385 482 perequitans
417 401 665 465 commodiorem
696 424 733 466 ac
769 403 922 468 tutiorem
954 404 1075 469 nostris

71 495 222 574 receptum
235 495 301 560 dat.
328 495 380 560 Ita
393 497 481 562 vario
496 499 669 563 certamine
682 503 862 585 pugnatum
875 505 931 565 est.
961 499 1076 565 Nostri
1094 519 1111 565 4

71 585 221 671 inprime
247 614 423 678 congressu
446 595 572 659 circiter
595 613 667 684 Lxx
694 595 883 682 ceciderunt,
908 596 945 659 in
965 596 1017 660 his
1040 596 1075 672 Q.

71 682 231 770 Fulginius
257 713 296 753 ex
319 691 423 774 primo
445 692 576 756 hastato
603 692 742 778 legionis
764 711 833 776 xlv,
861 693 916 775 qui
944 698 1076 776 propter

71 782 209 850 eximiam
242 787 399 851 virtutem
431 810 469 870 ex
500 788 707 853 inferioribus
739 789 905 853 ordinibus
937 788 970 853 in
1003 811 1076 854 eum

70 880 167 946 locum
188 888 392 970 pervenerat,
415 886 624 950 vulnerantur
646 886 783 969 amplius
806 903 861 951 DC.
907 886 958 950 1111
985 886 1109 951 Afra-5

69 977 166 1043 nianis
193 982 434 1046 interficiuntur
461 982 496 1047 Τ.
525 981 691 1068 Caecilius,
717 982 814 1066 primi
840 983 900 1066 pili
922 983 1076 1078 centuri0,

69 1079 98 1139 et
119 1082 246 1159 praeter
270 1100 344 1142 eum
366 1079 567 1143 centuriones
589 1096 633 1161 1v,
656 1078 776 1142 milites
799 1079 937 1162 amplius
961 1096 1011 1144 cc.

128 1173 324 1239 XXXXVII.
363 1172 424 1239 Sed
441 1175 519 1239 haec
537 1175 605 1237 eius
624 1173 687 1237 diei
704 1175 884 1257 praefertur
903 1174 1021 1260 opinio,
1039 1178 1076 1238 ut
1095 1196 1108 1242 1

70 1293 99 1334 se
129 1274 260 1356 utrique
292 1271 471 1356 superiores
504 1272 687 1337 discessisse
719 1273 953 1338 existimarent:
984 1274 1109 1338 Afra-2

70 1368 159 1455 niani,
186 1370 277 1454 quod
303 1391 375 1433 cum
398 1390 466 1433 esse
490 1369 633 1433 omnium
654 1370 772 1434 iudicio
801 1371 968 1435 inferiores
991 1372 1075 1436 vide-

70 1470 185 1552 rentur,
217 1466 397 1530 comminus
429 1470 497 1529 tam
528 1466 583 1528 diu
620 1466 787 1530 stetissent
823 1471 855 1532 61
889 1471 1076 1533 nostrorum

70 1561 217 1647 impetum
243 1563 473 1627 sustinuissent
496 1566 528 1627 61
546 1562 640 1628 initio
659 1564 766 1628 locum
788 1566 1011 1649 tumulumque
1030 1570 1075 1630 te·

68 1659 217 1746 nuissent,
243 1681 324 1743 quae
343 1681 438 1724 causa
455 1661 620 1744 pugnandi
642 1662 758 1747 fuerat,
777 1665 808 1725 et
826 1666 956 1727 nostros
970 1663 1074 1746 primo

70 1777 239 1841 congressu
256 1759 348 1841 terga
366 1760 488 1821 vertere
512 1758 705 1843 co'e‘gissent3
726 1759 832 1822 nostri
851 1763 967 1845 autem,
990 1761 1075 1843 quod
1094 1779 1109 1823 3

69 1854 173 1937 iniquo
187 1855 260 1918 1666
271 1857 368 1937 atque
381 1855 497 1938 impari
514 1855 677 1939 congressi
686 1877 819 1920 numero
831 1855 972 1940 quinque
985 1856 1074 1920 horis

69 1950 220 2034 proelium
242 1949 479 2037 sustinuissent,
502 1952 588 2035 quod
609 1956 752 2016 montem
775 1952 890 2037 gladiis
914 1953 1074 2017 destrictis

70 2049 290 2134 ascendissent,
313 2048 399 2133 quod
422 2050 553 2115 6111666
578 2049 742 2133 superiore
765 2052 856 2134 terga
877 2054 1001 2114 vertere
1024 2052 1075 2115 ad·

70 2146 222 2211 versarios
237 2146 416 2230 co'c'gissent
431 2150 526 2230 atque
540 2146 575 2209 in
589 2147 743 2229 oppidum
757 2148 994 2230 compulissent.
1021 2149 1075 2213 Illi
1093 2168 1110 2214 4

71 2264 137 2306 eum
162 2241 332 2328 tumulum,
355 2264 413 2326 pro
442 2264 505 2326 quo
529 2247 710 2328 pugnatum
733 2247 795 2330 est,
825 2245 951 2328 magnis
974 2247 1075 2329 operi·

71 2339 126 2406 bus
147 2340 355 2405 muniverunt
377 2343 410 2404 et
433 2339 628 2424 praesidium
650 2340 698 2405 ibi
720 2345 905 2424 posuerunt.

131 2436 341 2502 XXXXVlH.
372 2436 498 2502 Accidit
513 2438 610 2501 etiam
623 2437 825 2521 repentinum
840 2438 1076 2506 incommodum
1095 2461 1108 2506 1

71 2535 172 2622 biduo,
204 2555 269 2618 quo
299 2535 378 2598 haee
407 2538 498 2618 gesta
526 2538 610 2599 sunt.
656 2535 760 2599 Tanta
787 2535 872 2598 enim
902 2539 1075 2620 tempestas

71 2634 216 2716 cooritur,
239 2634 275 2695 ut
297 2653 472 2715 numquam
494 2632 559 2695 illis
582 2631 662 2696 locis
685 2631 821 2699 maiores
850 2654 949 2716 aquas
976 2634 1075 2697 fuisse

72 2731 235 2795 constaret.
285 2728 368 2792 Tum
399 2731 506 2792 autern
537 2750 576 2791 ex
609 2728 757 2792 omnibus
789 2730 954 2793 montibus
985 2729 1110 2794 nivesc

71 2828 186 2912 proluit
215 2846 252 2889 ac
273 2846 413 2891 summas
436 2825 523 2908 ripas
547 2824 689 2889 fluminis
714 2825 876 2909 superavit
899 2828 1076 2910 pontesque

73 2920 606 3010 1111616161(1.111111161666111,
623 2944 687 2985 unc
708 2921 758 2985 die
776 2922 956 3006 interrupit.
989 2920 1076 2997 Quae
1095 2941 1110 2986 3

71 3046 117 3087 res
130 3041 262 3105 magnas
276 3020 481 3084 difficultates
496 3018 650 3083 exercitui
659 3016 805 3082 Caesaris
819 3018 938 3081 attulit.
963 3016 1076 3082 Castra

72 3120 163 3206 enim,
194 3119 232 3180 ut
263 3139 359 3200 supra
386 3116 639 3179 demonstratum
668 3117 730 3198 est,
757 3135 829 3176 cum
856 3117 962 3177 essent
991 3114 1076 3178 inter

71 3217 197 3282 flumina
212 3213 284 3299 duo,
298 3212 433 3278 Sicorim
448 3216 479 3275 et
494 3210 639 3297 Cingam,
653 3210 759 3294 spatio
773 3210 899 3273 milium
911 3227 994 3294 xxx,
1002 3231 1077 3274 neu·

69 3318 154 3380 trum
174 3312 292 3376 horum
314 3309 447 3374 transiri
468 3311 605 3395 poterat,
626 3305 869 3389 necessarioque
892 3325 1000 3368 omnes
1023 3305 1075 3369 his

73 3408 225 3496 angustiis
249 3407 502 3471 continebantur.
538 3404 652 3490 Neque
670 3403 827 3487 civitates,
846 3421 926 3484 quae
945 3402 985 3463 ad
1000 3399 1076 3465 Cae·
1094 3415 1111 3460 c

74 3509 149 3574 saris
190 3501 362 3569 amicitiam
402 3506 614 3587 accesserant,
652 3503 849 3566 frumentum
886 3501 1076 3579 supportare

72 3626 169 3688 neque
193 3600 226 3685 ii,
250 3601 303 3680 qui
325 3600 514 3685 pabulatum
530 3599 660 3683 longius
680 3594 842 3680 progressi
861 3595 961 3679 erant,
980 3594 1076 3657 inter·
