<?xml version="1.0" encoding="UTF-8"?>
<!DOCTYPE html PUBLIC "-//W3C//DTD XHTML 1.0 Transitional//EN"
    "http://www.w3.org/TR/xhtml1/DTD/xhtml1-transitional.dtd">
<html xmlns="http://www.w3.org/1999/xhtml" xml:lang="en" lang="en">
 <head>
  <title>
</title>
<meta http-equiv="Content-Type" content="text/html;charset=utf-8" />
  <meta name='ocr-system' content='tesseract 3.04.00' />
  <meta name='ocr-capabilities' content='ocr_page ocr_carea ocr_par ocr_line ocrx_word'/>
</head>
<body>
  <div class='ocr_page' id='page_1' title='image "./ciuliicaesarisc00woelgoog_0111.png"; bbox 0 0 2584 4075; ppageno 0'>
   <div class='ocr_carea' id='block_1_1' title="bbox 323 279 1106 346">
    <p class='ocr_par' dir='ltr' id='par_1_1' title="bbox 323 279 1106 346">
     <span class='ocr_line' id='line_1_1' title="bbox 323 279 1106 346; baseline -0.013 -10"><span class='ocrx_word' id='word_1_1' title='bbox 323 296 326 302; x_wconf 83' lang='lat'>·</span> <span class='ocrx_word' id='word_1_2' title='bbox 388 279 501 334; x_wconf 85' lang='lat' dir='ltr'>COMM.</span> <span class='ocrx_word' id='word_1_3' title='bbox 521 280 556 333; x_wconf 92' lang='lat' dir='ltr'>II.</span> <span class='ocrx_word' id='word_1_4' title='bbox 594 279 671 333; x_wconf 83' lang='lat' dir='ltr'>CAP.</span> <span class='ocrx_word' id='word_1_5' title='bbox 691 280 826 335; x_wconf 79' lang='lat' dir='ltr'>VIII—X.</span> <span class='ocrx_word' id='word_1_6' title='bbox 1062 283 1106 346; x_wconf 71' lang='lat'>55</span> 
     </span>
    </p>
   </div>
   <div class='ocr_carea' id='block_1_2' title="bbox 92 425 1140 706">
    <p class='ocr_par' dir='ltr' id='par_1_2' title="bbox 92 425 1140 706">
     <span class='ocr_line' id='line_1_2' title="bbox 92 425 1139 510; baseline 0.001 -21"><span class='ocrx_word' id='word_1_7' title='bbox 92 426 321 510; x_wconf 70' lang='lat' dir='ltr'>religaverunt,</span> <span class='ocrx_word' id='word_1_8' title='bbox 350 425 435 508; x_wconf 92' lang='lat' dir='ltr'>quod</span> <span class='ocrx_word' id='word_1_9' title='bbox 462 446 562 488; x_wconf 89' lang='lat' dir='ltr'>unum</span> <span class='ocrx_word' id='word_1_10' title='bbox 589 445 690 508; x_wconf 87' lang='lat' dir='ltr'>genus</span> <span class='ocrx_word' id='word_1_11' title='bbox 718 426 888 510; x_wconf 74' lang='lat' dir='ltr'>tegimenti</span> <span class='ocrx_word' id='word_1_12' title='bbox 921 427 992 490; x_wconf 90' lang='lat' dir='ltr'>aliis</span> <span class='ocrx_word' id='word_1_13' title='bbox 1024 427 1104 490; x_wconf 88' lang='lat' dir='ltr'>locis</span> <span class='ocrx_word' id='word_1_14' title='bbox 1137 444 1139 447; x_wconf 84' lang='grc'><strong>’</strong></span> 
     </span>
     <span class='ocr_line' id='line_1_3' title="bbox 92 522 1103 619; baseline -0.002 -32"><span class='ocrx_word' id='word_1_15' title='bbox 92 528 181 587; x_wconf 88' lang='lat' dir='ltr'>erant</span> <span class='ocrx_word' id='word_1_16' title='bbox 204 524 329 606; x_wconf 88' lang='lat' dir='ltr'>experti</span> <span class='ocrx_word' id='word_1_17' title='bbox 355 523 445 585; x_wconf 91' lang='lat' dir='ltr'>nullo</span> <span class='ocrx_word' id='word_1_18' title='bbox 467 522 539 619; x_wconf 55' lang='lat' dir='ltr'>⁴telo</span> <span class='ocrx_word' id='word_1_19' title='bbox 566 544 670 606; x_wconf 87' lang='lat' dir='ltr'>neque</span> <span class='ocrx_word' id='word_1_20' title='bbox 692 526 854 587; x_wconf 89' lang='lat' dir='ltr'>tormento</span> <span class='ocrx_word' id='word_1_21' title='bbox 878 524 971 587; x_wconf 87' lang='lat' dir='ltr'>traici</span> <span class='ocrx_word' id='word_1_22' title='bbox 1001 547 1103 607; x_wconf 86' lang='lat' dir='ltr'>posse.</span> 
     </span>
     <span class='ocr_line' id='line_1_4' title="bbox 92 619 1140 706; baseline 0.004 -24"><span class='ocrx_word' id='word_1_23' title='bbox 92 619 155 683; x_wconf 87' lang='lat' dir='ltr'>Ubi</span> <span class='ocrx_word' id='word_1_24' title='bbox 173 643 250 686; x_wconf 86' lang='lat' dir='ltr'>vero</span> <span class='ocrx_word' id='word_1_25' title='bbox 270 642 307 684; x_wconf 89' lang='lat' dir='ltr'>ea</span> <span class='ocrx_word' id='word_1_26' title='bbox 325 642 399 703; x_wconf 88' lang='lat' dir='ltr'>pars</span> <span class='ocrx_word' id='word_1_27' title='bbox 418 619 528 705; x_wconf 81' lang='lat' dir='ltr'>turris,</span> <span class='ocrx_word' id='word_1_28' title='bbox 546 641 627 703; x_wconf 89' lang='lat' dir='ltr'>quae</span> <span class='ocrx_word' id='word_1_29' title='bbox 646 623 715 683; x_wconf 88' lang='lat' dir='ltr'>erat</span> <span class='ocrx_word' id='word_1_30' title='bbox 734 620 884 706; x_wconf 86' lang='lat' dir='ltr'>perfecta,</span> <span class='ocrx_word' id='word_1_31' title='bbox 901 624 987 684; x_wconf 91' lang='lat' dir='ltr'>tecta</span> <span class='ocrx_word' id='word_1_32' title='bbox 1007 625 1104 703; x_wconf 91' lang='lat' dir='ltr'>atque</span> <span class='ocrx_word' id='word_1_33' title='bbox 1123 641 1140 687; x_wconf 82' lang='lat' dir='ltr'>o</span> 
     </span>
    </p>
   </div>
   <div class='ocr_carea' id='block_1_3' title="bbox 87 715 1202 3719">
    <p class='ocr_par' dir='ltr' id='par_1_3' title="bbox 89 715 1202 1970">
     <span class='ocr_line' id='line_1_5' title="bbox 91 715 1104 802; baseline 0.001 -23"><span class='ocrx_word' id='word_1_34' title='bbox 91 716 215 779; x_wconf 88' lang='lat' dir='ltr'>munita</span> <span class='ocrx_word' id='word_1_35' title='bbox 234 720 283 779; x_wconf 88' lang='lat' dir='ltr'>est</span> <span class='ocrx_word' id='word_1_36' title='bbox 303 716 343 779; x_wconf 89' lang='lat' dir='ltr'>ab</span> <span class='ocrx_word' id='word_1_37' title='bbox 363 716 449 780; x_wconf 91' lang='lat' dir='ltr'>omni</span> <span class='ocrx_word' id='word_1_38' title='bbox 467 716 534 779; x_wconf 89' lang='lat' dir='ltr'>ictu</span> <span class='ocrx_word' id='word_1_39' title='bbox 552 715 705 802; x_wconf 87' lang='lat' dir='ltr'>hostium,</span> <span class='ocrx_word' id='word_1_40' title='bbox 723 717 850 801; x_wconf 89' lang='lat' dir='ltr'>pluteos</span> <span class='ocrx_word' id='word_1_41' title='bbox 870 717 909 781; x_wconf 87' lang='lat' dir='ltr'>ad</span> <span class='ocrx_word' id='word_1_42' title='bbox 928 717 990 781; x_wconf 85' lang='lat' dir='ltr'>alia</span> <span class='ocrx_word' id='word_1_43' title='bbox 1008 740 1104 800; x_wconf 88' lang='lat' dir='ltr'>opera</span> 
     </span>
     <span class='ocr_line' id='line_1_6' title="bbox 89 812 1103 898; baseline 0.002 -21"><span class='ocrx_word' id='word_1_44' title='bbox 89 814 306 897; x_wconf 76' lang='lat' dir='ltr'>abduxerunt,</span> <span class='ocrx_word' id='word_1_45' title='bbox 333 812 432 876; x_wconf 88' lang='lat' dir='ltr'>turris</span> <span class='ocrx_word' id='word_1_46' title='bbox 460 816 582 876; x_wconf 90' lang='lat' dir='ltr'>tectum</span> <span class='ocrx_word' id='word_1_47' title='bbox 604 835 661 896; x_wconf 89' lang='lat' dir='ltr'>per</span> <span class='ocrx_word' id='word_1_48' title='bbox 689 835 724 878; x_wconf 92' lang='lat' dir='ltr'>se</span> <span class='ocrx_word' id='word_1_49' title='bbox 750 815 857 897; x_wconf 92' lang='lat' dir='ltr'>ipsum</span> <span class='ocrx_word' id='word_1_50' title='bbox 884 815 1103 898; x_wconf 81' lang='lat' dir='ltr'>pressionibus</span> 
     </span>
     <span class='ocr_line' id='line_1_7' title="bbox 91 910 1104 997; baseline 0.003 -24"><span class='ocrx_word' id='word_1_51' title='bbox 91 933 129 974; x_wconf 85' lang='lat' dir='ltr'>ex</span> <span class='ocrx_word' id='word_1_52' title='bbox 146 910 390 995; x_wconf 72' lang='lat' dir='ltr'>contignatione</span> <span class='ocrx_word' id='word_1_53' title='bbox 409 910 512 992; x_wconf 90' lang='lat' dir='ltr'>prima</span> <span class='ocrx_word' id='word_1_54' title='bbox 531 911 723 993; x_wconf 85' lang='lat' dir='ltr'>suspendere</span> <span class='ocrx_word' id='word_1_55' title='bbox 742 933 778 975; x_wconf 88' lang='lat' dir='ltr'>ac</span> <span class='ocrx_word' id='word_1_56' title='bbox 791 911 905 997; x_wconf 81' lang='lat' dir='ltr'>tollere</span> <span class='ocrx_word' id='word_1_57' title='bbox 924 919 1104 995; x_wconf 90' lang='lat' dir='ltr'>coeperunt.</span> 
     </span>
     <span class='ocr_line' id='line_1_8' title="bbox 90 1006 1202 1095; baseline 0.004 -24"><span class='ocrx_word' id='word_1_58' title='bbox 90 1006 154 1071; x_wconf 91' lang='lat' dir='ltr'>Ubi</span> <span class='ocrx_word' id='word_1_59' title='bbox 187 1011 346 1091; x_wconf 90' lang='lat' dir='ltr'>quantum</span> <span class='ocrx_word' id='word_1_60' title='bbox 373 1007 546 1070; x_wconf 90' lang='lat' dir='ltr'>storiarum</span> <span class='ocrx_word' id='word_1_61' title='bbox 574 1008 723 1073; x_wconf 88' lang='lat' dir='ltr'>demissio</span> <span class='ocrx_word' id='word_1_62' title='bbox 752 1008 949 1095; x_wconf 87' lang='lat' dir='ltr'>patiebatur,</span> <span class='ocrx_word' id='word_1_63' title='bbox 976 1014 1138 1077; x_wconf 78' lang='lat' dir='ltr'>tantum7</span> <span class='ocrx_word' id='word_1_64' title='bbox 1198 1028 1202 1036; x_wconf 82' lang='lat'><em>·</em></span> 
     </span>
     <span class='ocr_line' id='line_1_9' title="bbox 89 1103 1160 1190; baseline 0.002 -23"><span class='ocrx_word' id='word_1_65' title='bbox 89 1105 267 1190; x_wconf 78' lang='lat' dir='ltr'>elevarant,</span> <span class='ocrx_word' id='word_1_66' title='bbox 300 1105 386 1167; x_wconf 89' lang='lat' dir='ltr'>intra</span> <span class='ocrx_word' id='word_1_67' title='bbox 416 1103 494 1168; x_wconf 89' lang='lat' dir='ltr'>haec</span> <span class='ocrx_word' id='word_1_68' title='bbox 521 1105 698 1189; x_wconf 88' lang='lat' dir='ltr'>tegimenta</span> <span class='ocrx_word' id='word_1_69' title='bbox 730 1104 832 1169; x_wconf 86' lang='lat' dir='ltr'>abditi</span> <span class='ocrx_word' id='word_1_70' title='bbox 860 1110 957 1190; x_wconf 90' lang='lat' dir='ltr'>atque</span> <span class='ocrx_word' id='word_1_71' title='bbox 987 1108 1104 1171; x_wconf 87' lang='lat' dir='ltr'>muniti</span> <span class='ocrx_word' id='word_1_72' title='bbox 1156 1184 1160 1189; x_wconf 18' lang='grc' dir='ltr'><strong>μ</strong></span> 
     </span>
     <span class='ocr_line' id='line_1_10' title="bbox 89 1202 1104 1286; baseline 0.001 -20"><span class='ocrx_word' id='word_1_73' title='bbox 89 1204 229 1286; x_wconf 86' lang='lat' dir='ltr'>parietes</span> <span class='ocrx_word' id='word_1_74' title='bbox 252 1202 409 1265; x_wconf 89' lang='lat' dir='ltr'>lateribus</span> <span class='ocrx_word' id='word_1_75' title='bbox 429 1202 637 1266; x_wconf 76' lang='lat' dir='ltr'>exstruebant</span> <span class='ocrx_word' id='word_1_76' title='bbox 660 1223 836 1285; x_wconf 87' lang='lat' dir='ltr'>rursusque</span> <span class='ocrx_word' id='word_1_77' title='bbox 855 1203 918 1266; x_wconf 90' lang='lat' dir='ltr'>alia</span> <span class='ocrx_word' id='word_1_78' title='bbox 940 1204 1104 1286; x_wconf 87' lang='lat' dir='ltr'>pressione</span> 
     </span>
     <span class='ocr_line' id='line_1_11' title="bbox 90 1298 1139 1385; baseline 0.004 -22"><span class='ocrx_word' id='word_1_79' title='bbox 90 1301 130 1363; x_wconf 92' lang='lat' dir='ltr'>ad</span> <span class='ocrx_word' id='word_1_80' title='bbox 152 1300 383 1363; x_wconf 85' lang='lat' dir='ltr'>aedificandum</span> <span class='ocrx_word' id='word_1_81' title='bbox 406 1299 469 1362; x_wconf 88' lang='lat' dir='ltr'>sibi</span> <span class='ocrx_word' id='word_1_82' title='bbox 491 1300 598 1363; x_wconf 93' lang='lat' dir='ltr'>locum</span> <span class='ocrx_word' id='word_1_83' title='bbox 621 1298 839 1382; x_wconf 82' lang='lat' dir='ltr'>expediebant.</span> <span class='ocrx_word' id='word_1_84' title='bbox 885 1298 951 1364; x_wconf 89' lang='lat' dir='ltr'>Ubi</span> <span class='ocrx_word' id='word_1_85' title='bbox 976 1304 1139 1385; x_wconf 78' lang='lat' dir='ltr'>tempusa</span> 
     </span>
     <span class='ocr_line' id='line_1_12' title="bbox 90 1395 1103 1482; baseline 0.003 -22"><span class='ocrx_word' id='word_1_86' title='bbox 90 1397 223 1461; x_wconf 89' lang='lat' dir='ltr'>alterius</span> <span class='ocrx_word' id='word_1_87' title='bbox 247 1396 518 1460; x_wconf 88' lang='lat' dir='ltr'>contabulationis</span> <span class='ocrx_word' id='word_1_88' title='bbox 537 1395 716 1482; x_wconf 82' lang='lat' dir='ltr'>videbatur,</span> <span class='ocrx_word' id='word_1_89' title='bbox 733 1397 825 1480; x_wconf 89' lang='lat' dir='ltr'>tigna</span> <span class='ocrx_word' id='word_1_90' title='bbox 847 1397 926 1460; x_wconf 88' lang='lat' dir='ltr'>item</span> <span class='ocrx_word' id='word_1_91' title='bbox 944 1401 981 1460; x_wconf 90' lang='lat' dir='ltr'>ut</span> <span class='ocrx_word' id='word_1_92' title='bbox 998 1399 1103 1480; x_wconf 92' lang='lat' dir='ltr'>primo</span> 
     </span>
     <span class='ocr_line' id='line_1_13' title="bbox 90 1492 1104 1579; baseline 0.001 -21"><span class='ocrx_word' id='word_1_93' title='bbox 90 1498 174 1558; x_wconf 84' lang='lat' dir='ltr'>tecta</span> <span class='ocrx_word' id='word_1_94' title='bbox 193 1492 345 1557; x_wconf 84' lang='lat' dir='ltr'>extremis</span> <span class='ocrx_word' id='word_1_95' title='bbox 364 1492 520 1556; x_wconf 89' lang='lat' dir='ltr'>lateribus</span> <span class='ocrx_word' id='word_1_96' title='bbox 538 1492 743 1557; x_wconf 85' lang='lat' dir='ltr'>instruebant</span> <span class='ocrx_word' id='word_1_97' title='bbox 762 1515 864 1576; x_wconf 88' lang='lat' dir='ltr'>exque</span> <span class='ocrx_word' id='word_1_98' title='bbox 882 1516 919 1557; x_wconf 87' lang='lat' dir='ltr'>ea</span> <span class='ocrx_word' id='word_1_99' title='bbox 940 1496 1104 1579; x_wconf 86' lang='lat' dir='ltr'>contigna-</span> 
     </span>
     <span class='ocr_line' id='line_1_14' title="bbox 89 1591 1104 1674; baseline -0.001 -18"><span class='ocrx_word' id='word_1_100' title='bbox 89 1593 177 1656; x_wconf 89' lang='lat' dir='ltr'>tione</span> <span class='ocrx_word' id='word_1_101' title='bbox 200 1612 313 1655; x_wconf 86' lang='lat' dir='ltr'>rursus</span> <span class='ocrx_word' id='word_1_102' title='bbox 338 1613 495 1655; x_wconf 85' lang='lat' dir='ltr'>summam</span> <span class='ocrx_word' id='word_1_103' title='bbox 517 1591 812 1655; x_wconf 89' lang='lat' dir='ltr'>contabulationem</span> <span class='ocrx_word' id='word_1_104' title='bbox 835 1593 1015 1674; x_wconf 87' lang='lat' dir='ltr'>storiasque</span> <span class='ocrx_word' id='word_1_105' title='bbox 1045 1593 1104 1655; x_wconf 88' lang='lat' dir='ltr'>ele·</span> 
     </span>
     <span class='ocr_line' id='line_1_15' title="bbox 90 1687 1137 1773; baseline 0 -20"><span class='ocrx_word' id='word_1_106' title='bbox 90 1689 218 1773; x_wconf 72' lang='lat' dir='ltr'>rabant.</span> <span class='ocrx_word' id='word_1_107' title='bbox 264 1687 316 1751; x_wconf 88' lang='lat' dir='ltr'>Ita</span> <span class='ocrx_word' id='word_1_108' title='bbox 338 1692 410 1751; x_wconf 90' lang='lat' dir='ltr'>tuto</span> <span class='ocrx_word' id='word_1_109' title='bbox 434 1710 471 1751; x_wconf 89' lang='lat' dir='ltr'>ac</span> <span class='ocrx_word' id='word_1_110' title='bbox 494 1688 562 1751; x_wconf 89' lang='lat' dir='ltr'>sine</span> <span class='ocrx_word' id='word_1_111' title='bbox 591 1688 659 1751; x_wconf 92' lang='lat' dir='ltr'>ullo</span> <span class='ocrx_word' id='word_1_112' title='bbox 683 1689 813 1751; x_wconf 84' lang='lat' dir='ltr'>vulnere</span> <span class='ocrx_word' id='word_1_113' title='bbox 842 1710 877 1751; x_wconf 90' lang='lat' dir='ltr'>ao</span> <span class='ocrx_word' id='word_1_114' title='bbox 902 1688 1043 1772; x_wconf 88' lang='lat' dir='ltr'>periculo</span> <span class='ocrx_word' id='word_1_115' title='bbox 1066 1708 1103 1752; x_wconf 83' lang='lat' dir='ltr'>VI</span> <span class='ocrx_word' id='word_1_116' title='bbox 1122 1710 1137 1753; x_wconf 78' lang='lat' dir='ltr'>a</span> 
     </span>
     <span class='ocr_line' id='line_1_16' title="bbox 90 1785 1104 1869; baseline -0.001 -19"><span class='ocrx_word' id='word_1_117' title='bbox 90 1787 238 1850; x_wconf 89' lang='lat' dir='ltr'>tabulata</span> <span class='ocrx_word' id='word_1_118' title='bbox 252 1788 479 1848; x_wconf 89' lang='lat' dir='ltr'>exstruxerunt</span> <span class='ocrx_word' id='word_1_119' title='bbox 493 1785 722 1869; x_wconf 57' lang='lat' dir='ltr'>fepestgasque,</span> <span class='ocrx_word' id='word_1_120' title='bbox 733 1786 849 1869; x_wconf 91' lang='lat' dir='ltr'>quibus</span> <span class='ocrx_word' id='word_1_121' title='bbox 863 1786 899 1848; x_wconf 90' lang='lat' dir='ltr'>in</span> <span class='ocrx_word' id='word_1_122' title='bbox 907 1785 986 1849; x_wconf 89' lang='lat' dir='ltr'>locis</span> <span class='ocrx_word' id='word_1_123' title='bbox 997 1785 1104 1849; x_wconf 81' lang='lat' dir='ltr'>visum</span> 
     </span>
     <span class='ocr_line' id='line_1_17' title="bbox 89 1881 1035 1970; baseline -0.003 -23"><span class='ocrx_word' id='word_1_124' title='bbox 89 1887 149 1970; x_wconf 85' lang='lat' dir='ltr'>est,</span> <span class='ocrx_word' id='word_1_125' title='bbox 171 1883 211 1946; x_wconf 92' lang='lat' dir='ltr'>ad</span> <span class='ocrx_word' id='word_1_126' title='bbox 234 1885 395 1945; x_wconf 89' lang='lat' dir='ltr'>tormenta</span> <span class='ocrx_word' id='word_1_127' title='bbox 417 1881 573 1945; x_wconf 87' lang='lat' dir='ltr'>mittenda</span> <span class='ocrx_word' id='word_1_128' title='bbox 596 1882 630 1944; x_wconf 89' lang='lat' dir='ltr'>in</span> <span class='ocrx_word' id='word_1_129' title='bbox 655 1882 806 1945; x_wconf 87' lang='lat' dir='ltr'>struendo</span> <span class='ocrx_word' id='word_1_130' title='bbox 829 1881 1035 1965; x_wconf 87' lang='lat' dir='ltr'>reliquerunt.</span> 
     </span>
    </p>

    <p class='ocr_par' dir='ltr' id='par_1_4' title="bbox 87 1977 1136 3719">
     <span class='ocr_line' id='line_1_18' title="bbox 155 1977 1136 2065; baseline -0.001 -19"><span class='ocrx_word' id='word_1_131' title='bbox 155 1979 194 2046; x_wconf 87' lang='lat' dir='ltr'>X.</span> <span class='ocrx_word' id='word_1_132' title='bbox 232 1977 299 2044; x_wconf 94' lang='lat' dir='ltr'>Ubi</span> <span class='ocrx_word' id='word_1_133' title='bbox 318 1999 356 2043; x_wconf 91' lang='lat' dir='ltr'>ex</span> <span class='ocrx_word' id='word_1_134' title='bbox 375 2000 412 2043; x_wconf 90' lang='lat' dir='ltr'>ea</span> <span class='ocrx_word' id='word_1_135' title='bbox 429 1978 522 2065; x_wconf 88' lang='lat' dir='ltr'>turri,</span> <span class='ocrx_word' id='word_1_136' title='bbox 541 2000 622 2062; x_wconf 87' lang='lat' dir='ltr'>quae</span> <span class='ocrx_word' id='word_1_137' title='bbox 641 1979 760 2044; x_wconf 89' lang='lat' dir='ltr'>circum</span> <span class='ocrx_word' id='word_1_138' title='bbox 779 1984 885 2044; x_wconf 88' lang='lat' dir='ltr'>essent</span> <span class='ocrx_word' id='word_1_139' title='bbox 899 2000 1005 2064; x_wconf 88' lang='lat' dir='ltr'>opera,</span> <span class='ocrx_word' id='word_1_140' title='bbox 1018 1980 1102 2044; x_wconf 89' lang='lat' dir='ltr'>tueri</span> <span class='ocrx_word' id='word_1_141' title='bbox 1123 1999 1136 2045; x_wconf 94' lang='lat'>1</span> 
     </span>
     <span class='ocr_line' id='line_1_19' title="bbox 90 2076 1132 2162; baseline -0.003 -19"><span class='ocrx_word' id='word_1_142' title='bbox 90 2101 124 2142; x_wconf 90' lang='lat' dir='ltr'>se</span> <span class='ocrx_word' id='word_1_143' title='bbox 146 2099 243 2162; x_wconf 86' lang='lat' dir='ltr'>posse</span> <span class='ocrx_word' id='word_1_144' title='bbox 268 2081 343 2139; x_wconf 89' lang='lat' dir='ltr'>sunt</span> <span class='ocrx_word' id='word_1_145' title='bbox 371 2076 493 2160; x_wconf 89' lang='lat' dir='ltr'>confisi,</span> <span class='ocrx_word' id='word_1_146' title='bbox 515 2077 694 2139; x_wconf 88' lang='lat' dir='ltr'>musculum</span> <span class='ocrx_word' id='word_1_147' title='bbox 716 2076 811 2159; x_wconf 88' lang='lat' dir='ltr'>pedes</span> <span class='ocrx_word' id='word_1_148' title='bbox 835 2094 882 2139; x_wconf 80' lang='lat' dir='ltr'>Lx</span> <span class='ocrx_word' id='word_1_149' title='bbox 907 2077 1041 2161; x_wconf 90' lang='lat' dir='ltr'>longum</span> <span class='ocrx_word' id='word_1_150' title='bbox 1064 2100 1102 2141; x_wconf 88' lang='lat' dir='ltr'>ex</span> <span class='ocrx_word' id='word_1_151' title='bbox 1128 2155 1132 2161; x_wconf 14' lang='grc' dir='ltr'><strong>ς</strong></span> 
     </span>
     <span class='ocr_line' id='line_1_20' title="bbox 89 2153 1103 2258; baseline 0 -19"><span class='ocrx_word' id='word_1_152' title='bbox 89 2175 225 2239; x_wconf 87' lang='lat' dir='ltr'>materia</span> <span class='ocrx_word' id='word_1_153' title='bbox 252 2171 405 2258; x_wconf 88' lang='lat' dir='ltr'>bipedali,</span> <span class='ocrx_word' id='word_1_154' title='bbox 433 2153 684 2257; x_wconf 62' lang='lat' dir='ltr'>quem‘a&#39;tdiri</span> <span class='ocrx_word' id='word_1_155' title='bbox 715 2173 858 2237; x_wconf 88' lang='lat' dir='ltr'>latericia</span> <span class='ocrx_word' id='word_1_156' title='bbox 890 2175 929 2238; x_wconf 89' lang='lat' dir='ltr'>ad</span> <span class='ocrx_word' id='word_1_157' title='bbox 959 2175 1103 2239; x_wconf 86' lang='lat' dir='ltr'>hostium</span> 
     </span>
     <span class='ocr_line' id='line_1_21' title="bbox 89 2270 1101 2360; baseline 0.001 -24"><span class='ocrx_word' id='word_1_158' title='bbox 89 2272 207 2336; x_wconf 88' lang='lat' dir='ltr'>turrim</span> <span class='ocrx_word' id='word_1_159' title='bbox 220 2292 411 2354; x_wconf 90' lang='lat' dir='ltr'>murumque</span> <span class='ocrx_word' id='word_1_160' title='bbox 424 2271 641 2356; x_wconf 80' lang='lat' dir='ltr'>perducerent,</span> <span class='ocrx_word' id='word_1_161' title='bbox 653 2270 756 2334; x_wconf 84' lang='lat' dir='ltr'>facere</span> <span class='ocrx_word' id='word_1_162' title='bbox 774 2271 998 2360; x_wconf 79' lang='lat' dir='ltr'>instituerunt3</span> <span class='ocrx_word' id='word_1_163' title='bbox 1012 2274 1101 2338; x_wconf 89' lang='lat' dir='ltr'>cuius</span> 
     </span>
     <span class='ocr_line' id='line_1_22' title="bbox 88 2365 1136 2451; baseline 0.002 -19"><span class='ocrx_word' id='word_1_164' title='bbox 88 2368 227 2432; x_wconf 88' lang='lat' dir='ltr'>musculi</span> <span class='ocrx_word' id='word_1_165' title='bbox 249 2367 328 2430; x_wconf 89' lang='lat' dir='ltr'>haee</span> <span class='ocrx_word' id='word_1_166' title='bbox 344 2371 419 2442; x_wconf 71' lang='lat' dir='ltr'>‚erat</span> <span class='ocrx_word' id='word_1_167' title='bbox 436 2368 547 2431; x_wconf 85' lang='lat' dir='ltr'>forma.</span> <span class='ocrx_word' id='word_1_168' title='bbox 584 2365 676 2431; x_wconf 88' lang='lat' dir='ltr'>Duae</span> <span class='ocrx_word' id='word_1_169' title='bbox 694 2369 833 2451; x_wconf 92' lang='lat' dir='ltr'>primum</span> <span class='ocrx_word' id='word_1_170' title='bbox 852 2369 961 2444; x_wconf 88' lang='lat' dir='ltr'>trabes</span> <span class='ocrx_word' id='word_1_171' title='bbox 979 2369 1014 2433; x_wconf 92' lang='lat' dir='ltr'>in</span> <span class='ocrx_word' id='word_1_172' title='bbox 1032 2373 1101 2435; x_wconf 91' lang='lat' dir='ltr'>solo</span> <span class='ocrx_word' id='word_1_173' title='bbox 1121 2387 1136 2434; x_wconf 75' lang='lat'><strong>2</strong></span> 
     </span>
     <span class='ocr_line' id='line_1_23' title="bbox 89 2463 1102 2549; baseline 0.003 -20"><span class='ocrx_word' id='word_1_174' title='bbox 89 2487 188 2549; x_wconf 90' lang='lat' dir='ltr'>aeque</span> <span class='ocrx_word' id='word_1_175' title='bbox 215 2464 331 2548; x_wconf 87' lang='lat' dir='ltr'>longae</span> <span class='ocrx_word' id='word_1_176' title='bbox 359 2463 515 2527; x_wconf 86' lang='lat' dir='ltr'>distantes</span> <span class='ocrx_word' id='word_1_177' title='bbox 544 2464 628 2528; x_wconf 88' lang='lat' dir='ltr'>inter</span> <span class='ocrx_word' id='word_1_178' title='bbox 652 2486 686 2527; x_wconf 84' lang='lat' dir='ltr'>se</span> <span class='ocrx_word' id='word_1_179' title='bbox 712 2467 806 2548; x_wconf 88' lang='lat' dir='ltr'>pedes</span> <span class='ocrx_word' id='word_1_180' title='bbox 829 2484 866 2529; x_wconf 88' lang='lat' dir='ltr'>1v</span> <span class='ocrx_word' id='word_1_181' title='bbox 895 2467 1102 2532; x_wconf 78' lang='lat' dir='ltr'>conlocantur</span> 
     </span>
     <span class='ocr_line' id='line_1_24' title="bbox 88 2560 1101 2649; baseline 0.001 -22"><span class='ocrx_word' id='word_1_182' title='bbox 88 2565 186 2647; x_wconf 87' lang='lat' dir='ltr'>inque</span> <span class='ocrx_word' id='word_1_183' title='bbox 210 2561 267 2624; x_wconf 75' lang='lat' dir='ltr'>eis·</span> <span class='ocrx_word' id='word_1_184' title='bbox 280 2560 467 2625; x_wconf 84' lang='lat' dir='ltr'>columellae</span> <span class='ocrx_word' id='word_1_185' title='bbox 489 2562 605 2644; x_wconf 91' lang='lat' dir='ltr'>pedum</span> <span class='ocrx_word' id='word_1_186' title='bbox 627 2562 672 2625; x_wconf 68' lang='lat' dir='ltr'>in·</span> <span class='ocrx_word' id='word_1_187' title='bbox 686 2563 887 2627; x_wconf 89' lang='lat' dir='ltr'>altitudinem</span> <span class='ocrx_word' id='word_1_188' title='bbox 909 2581 932 2626; x_wconf 88' lang='lat' dir='ltr'><strong>v</strong></span> <span class='ocrx_word' id='word_1_189' title='bbox 961 2565 1101 2649; x_wconf 88' lang='lat' dir='ltr'>defigun-</span> 
     </span>
     <span class='ocr_line' id='line_1_25' title="bbox 89 2656 1136 2749; baseline 0.001 -27"><span class='ocrx_word' id='word_1_190' title='bbox 89 2664 151 2723; x_wconf 90' lang='lat' dir='ltr'>tur.</span> <span class='ocrx_word' id='word_1_191' title='bbox 188 2656 365 2749; x_wconf 48' lang='lat' dir='ltr'>Hasginter</span> <span class='ocrx_word' id='word_1_192' title='bbox 389 2679 423 2721; x_wconf 89' lang='lat' dir='ltr'>se</span> <span class='ocrx_word' id='word_1_193' title='bbox 442 2659 601 2741; x_wconf 62' lang='lat' dir='ltr'>capreolis</span> <span class='ocrx_word' id='word_1_194' title='bbox 624 2661 715 2723; x_wconf 91' lang='lat' dir='ltr'>molli</span> <span class='ocrx_word' id='word_1_195' title='bbox 738 2660 869 2745; x_wconf 87' lang='lat' dir='ltr'>fastigio</span> <span class='ocrx_word' id='word_1_196' title='bbox 893 2662 1101 2745; x_wconf 87' lang='lat' dir='ltr'>coniungunt,</span> <span class='ocrx_word' id='word_1_197' title='bbox 1120 2677 1136 2722; x_wconf 85' lang='lat'><strong>3</strong></span> 
     </span>
     <span class='ocr_line' id='line_1_26' title="bbox 89 2755 1100 2843; baseline 0.002 -24"><span class='ocrx_word' id='word_1_198' title='bbox 89 2757 146 2819; x_wconf 94' lang='lat' dir='ltr'>ubi</span> <span class='ocrx_word' id='word_1_199' title='bbox 168 2756 270 2840; x_wconf 90' lang='lat' dir='ltr'>tigna,</span> <span class='ocrx_word' id='word_1_200' title='bbox 294 2776 374 2838; x_wconf 91' lang='lat' dir='ltr'>quae</span> <span class='ocrx_word' id='word_1_201' title='bbox 395 2755 532 2818; x_wconf 87' lang='lat' dir='ltr'>musculi</span> <span class='ocrx_word' id='word_1_202' title='bbox 558 2757 687 2841; x_wconf 89' lang='lat' dir='ltr'>tegendi</span> <span class='ocrx_word' id='word_1_203' title='bbox 715 2780 809 2821; x_wconf 87' lang='lat' dir='ltr'>causa</span> <span class='ocrx_word' id='word_1_204' title='bbox 837 2762 1007 2843; x_wconf 87' lang='lat' dir='ltr'>ponantur,</span> <span class='ocrx_word' id='word_1_205' title='bbox 1029 2780 1100 2821; x_wconf 90' lang='lat' dir='ltr'>con-</span> 
     </span>
     <span class='ocr_line' id='line_1_27' title="bbox 88 2849 1101 2938; baseline 0.003 -22"><span class='ocrx_word' id='word_1_206' title='bbox 88 2849 247 2918; x_wconf 83' lang='lat' dir='ltr'>locentur.&#39;</span> <span class='ocrx_word' id='word_1_207' title='bbox 297 2852 347 2916; x_wconf 83' lang='lat' dir='ltr'>Ec</span> <span class='ocrx_word' id='word_1_208' title='bbox 381 2874 476 2935; x_wconf 91' lang='lat' dir='ltr'>super</span> <span class='ocrx_word' id='word_1_209' title='bbox 508 2852 599 2936; x_wconf 88' lang='lat' dir='ltr'>tigna</span> <span class='ocrx_word' id='word_1_210' title='bbox 633 2853 792 2937; x_wconf 88' lang='lat' dir='ltr'>bipedalia</span> <span class='ocrx_word' id='word_1_211' title='bbox 829 2854 964 2918; x_wconf 88' lang='lat' dir='ltr'>iniciunt</span> <span class='ocrx_word' id='word_1_212' title='bbox 1001 2877 1101 2938; x_wconf 89' lang='lat' dir='ltr'>eaque</span> 
     </span>
     <span class='ocr_line' id='line_1_28' title="bbox 88 2949 1136 3034; baseline -0.002 -18"><span class='ocrx_word' id='word_1_213' title='bbox 88 2951 218 3016; x_wconf 86' lang='lat' dir='ltr'>laminis</span> <span class='ocrx_word' id='word_1_214' title='bbox 233 2950 394 3034; x_wconf 81' lang='lat' dir='ltr'>clavisque</span> <span class='ocrx_word' id='word_1_215' title='bbox 408 2950 554 3034; x_wconf 80' lang='lat' dir='ltr'>religant.</span> <span class='ocrx_word' id='word_1_216' title='bbox 578 2949 629 3013; x_wconf 85' lang='lat' dir='ltr'>Ad</span> <span class='ocrx_word' id='word_1_217' title='bbox 643 2957 820 3016; x_wconf 90' lang='lat' dir='ltr'>extremum</span> <span class='ocrx_word' id='word_1_218' title='bbox 832 2953 969 3016; x_wconf 84' lang='lat' dir='ltr'>musculi</span> <span class='ocrx_word' id='word_1_219' title='bbox 980 2957 1100 3016; x_wconf 89' lang='lat' dir='ltr'>tectum</span> <span class='ocrx_word' id='word_1_220' title='bbox 1119 2968 1136 3014; x_wconf 80' lang='lat'>4</span> 
     </span>
     <span class='ocr_line' id='line_1_29' title="bbox 89 3047 1101 3132; baseline -0.001 -21"><span class='ocrx_word' id='word_1_221' title='bbox 89 3049 262 3130; x_wconf 82' lang='lat' dir='ltr'>trabesque</span> <span class='ocrx_word' id='word_1_222' title='bbox 289 3051 446 3111; x_wconf 87' lang='lat' dir='ltr'>extremas</span> <span class='ocrx_word' id='word_1_223' title='bbox 475 3047 646 3129; x_wconf 87' lang='lat' dir='ltr'>quadratas</span> <span class='ocrx_word' id='word_1_224' title='bbox 677 3050 804 3132; x_wconf 88' lang='lat' dir='ltr'>regulas</span> <span class='ocrx_word' id='word_1_225' title='bbox 827 3067 864 3110; x_wconf 89' lang='lat' dir='ltr'>1v</span> <span class='ocrx_word' id='word_1_226' title='bbox 886 3053 1033 3130; x_wconf 89' lang='lat' dir='ltr'>patentes</span> <span class='ocrx_word' id='word_1_227' title='bbox 1057 3049 1101 3111; x_wconf 92' lang='lat' dir='ltr'>di-</span> 
     </span>
     <span class='ocr_line' id='line_1_30' title="bbox 89 3141 1099 3235; baseline 0 -27"><span class='ocrx_word' id='word_1_228' title='bbox 89 3145 176 3228; x_wconf 86' lang='lat' dir='ltr'>gitos</span> <span class='ocrx_word' id='word_1_229' title='bbox 200 3144 353 3228; x_wconf 89' lang='lat' dir='ltr'>defigunt,</span> <span class='ocrx_word' id='word_1_230' title='bbox 376 3141 457 3226; x_wconf 79' lang='lat' dir='ltr'>q&#39;uae</span> <span class='ocrx_word' id='word_1_231' title='bbox 475 3145 601 3229; x_wconf 89' lang='lat' dir='ltr'>lateres,</span> <span class='ocrx_word' id='word_1_232' title='bbox 620 3146 676 3235; x_wconf 76' lang='lat' dir='ltr'>qui</span> <span class='ocrx_word' id='word_1_233' title='bbox 694 3167 789 3226; x_wconf 90' lang='lat' dir='ltr'>super</span> <span class='ocrx_word' id='word_1_234' title='bbox 807 3146 951 3208; x_wconf 87' lang='lat' dir='ltr'>musculo</span> <span class='ocrx_word' id='word_1_235' title='bbox 975 3149 1099 3208; x_wconf 88' lang='lat' dir='ltr'>struan-</span> 
     </span>
     <span class='ocr_line' id='line_1_31' title="bbox 88 3240 1134 3326; baseline -0.003 -22"><span class='ocrx_word' id='word_1_236' title='bbox 88 3244 152 3325; x_wconf 91' lang='lat' dir='ltr'>tur,</span> <span class='ocrx_word' id='word_1_237' title='bbox 175 3241 369 3304; x_wconf 85' lang='lat' dir='ltr'>contineant.</span> <span class='ocrx_word' id='word_1_238' title='bbox 405 3240 456 3303; x_wconf 90' lang='lat' dir='ltr'>Ita</span> <span class='ocrx_word' id='word_1_239' title='bbox 478 3241 632 3326; x_wconf 87' lang='lat' dir='ltr'>fastigato</span> <span class='ocrx_word' id='word_1_240' title='bbox 657 3245 752 3324; x_wconf 81' lang='lat' dir='ltr'>atque</span> <span class='ocrx_word' id='word_1_241' title='bbox 776 3241 948 3305; x_wconf 88' lang='lat' dir='ltr'>ordinatim</span> <span class='ocrx_word' id='word_1_242' title='bbox 976 3246 1134 3305; x_wconf 75' lang='lat' dir='ltr'>structos</span> 
     </span>
     <span class='ocr_line' id='line_1_32' title="bbox 88 3336 1100 3422; baseline 0.003 -22"><span class='ocrx_word' id='word_1_243' title='bbox 88 3337 212 3422; x_wconf 87' lang='lat' dir='ltr'>trabes,</span> <span class='ocrx_word' id='word_1_244' title='bbox 240 3357 321 3420; x_wconf 87' lang='lat' dir='ltr'>quae</span> <span class='ocrx_word' id='word_1_245' title='bbox 347 3340 438 3400; x_wconf 92' lang='lat' dir='ltr'>erant</span> <span class='ocrx_word' id='word_1_246' title='bbox 466 3336 500 3399; x_wconf 90' lang='lat' dir='ltr'>in</span> <span class='ocrx_word' id='word_1_247' title='bbox 530 3339 684 3421; x_wconf 90' lang='lat' dir='ltr'>capreolis</span> <span class='ocrx_word' id='word_1_248' title='bbox 717 3339 914 3422; x_wconf 76' lang='lat' dir='ltr'>conlocatae,</span> <span class='ocrx_word' id='word_1_249' title='bbox 945 3339 1100 3414; x_wconf 88' lang='lat' dir='ltr'>lateribus</span> 
     </span>
     <span class='ocr_line' id='line_1_33' title="bbox 87 3435 1100 3522; baseline 0.001 -24"><span class='ocrx_word' id='word_1_250' title='bbox 87 3435 236 3519; x_wconf 89' lang='lat' dir='ltr'>lutoque,</span> <span class='ocrx_word' id='word_1_251' title='bbox 258 3435 421 3497; x_wconf 88' lang='lat' dir='ltr'>musculus</span> <span class='ocrx_word' id='word_1_252' title='bbox 444 3439 481 3497; x_wconf 92' lang='lat' dir='ltr'>ut</span> <span class='ocrx_word' id='word_1_253' title='bbox 504 3435 544 3498; x_wconf 88' lang='lat' dir='ltr'>ab</span> <span class='ocrx_word' id='word_1_254' title='bbox 573 3436 650 3521; x_wconf 90' lang='lat' dir='ltr'>igni,</span> <span class='ocrx_word' id='word_1_255' title='bbox 679 3436 734 3518; x_wconf 89' lang='lat' dir='ltr'>qui</span> <span class='ocrx_word' id='word_1_256' title='bbox 757 3457 795 3496; x_wconf 90' lang='lat' dir='ltr'>ex</span> <span class='ocrx_word' id='word_1_257' title='bbox 817 3455 909 3497; x_wconf 90' lang='lat' dir='ltr'>muro</span> <span class='ocrx_word' id='word_1_258' title='bbox 936 3435 1100 3522; x_wconf 88' lang='lat' dir='ltr'>iaceretur,</span> 
     </span>
     <span class='ocr_line' id='line_1_34' title="bbox 88 3531 1135 3617; baseline 0.001 -24"><span class='ocrx_word' id='word_1_259' title='bbox 88 3534 193 3594; x_wconf 81' lang='lat' dir='ltr'>tutus</span> <span class='ocrx_word' id='word_1_260' title='bbox 204 3534 298 3616; x_wconf 88' lang='lat' dir='ltr'>esset,</span> <span class='ocrx_word' id='word_1_261' title='bbox 320 3534 541 3615; x_wconf 89' lang='lat' dir='ltr'>conteguntur.</span> <span class='ocrx_word' id='word_1_262' title='bbox 580 3531 683 3617; x_wconf 76' lang='lat' dir='ltr'>Super</span> <span class='ocrx_word' id='word_1_263' title='bbox 705 3532 821 3595; x_wconf 88' lang='lat' dir='ltr'>lateres</span> <span class='ocrx_word' id='word_1_264' title='bbox 845 3531 930 3594; x_wconf 89' lang='lat' dir='ltr'>coria</span> <span class='ocrx_word' id='word_1_265' title='bbox 949 3532 1135 3598; x_wconf 72' lang='lat' dir='ltr'>inducunt</span> 
     </span>
     <span class='ocr_line' id='line_1_35' title="bbox 87 3627 1098 3719; baseline 0.006 -30"><span class='ocrx_word' id='word_1_266' title='bbox 87 3630 150 3712; x_wconf 90' lang='lat' dir='ltr'>tur,</span> <span class='ocrx_word' id='word_1_267' title='bbox 172 3648 213 3691; x_wconf 88' lang='lat' dir='ltr'>ne</span> <span class='ocrx_word' id='word_1_268' title='bbox 241 3627 405 3691; x_wconf 89' lang='lat' dir='ltr'>canalibus</span> <span class='ocrx_word' id='word_1_269' title='bbox 429 3649 511 3709; x_wconf 88' lang='lat' dir='ltr'>aqua</span> <span class='ocrx_word' id='word_1_270' title='bbox 533 3628 677 3719; x_wconf 79' lang='lat' dir='ltr'>immissa</span> <span class='ocrx_word' id='word_1_271' title='bbox 699 3630 815 3692; x_wconf 89' lang='lat' dir='ltr'>lateres</span> <span class='ocrx_word' id='word_1_272' title='bbox 845 3628 965 3693; x_wconf 88' lang='lat' dir='ltr'>diluere</span> <span class='ocrx_word' id='word_1_273' title='bbox 987 3632 1098 3712; x_wconf 87' lang='lat' dir='ltr'>possit.</span> 
     </span>
    </p>
   </div>
   <div class='ocr_carea' id='block_1_4' title="bbox 0 0 1296 4075">
    <p class='ocr_par' dir='ltr' id='par_1_5' title="bbox 0 0 1296 4075">
     <span class='ocr_line' id='line_1_36' title="bbox 0 0 1296 4075; baseline 0 1"><span class='ocrx_word' id='word_1_274' title='bbox 0 0 1296 4075; x_wconf 95' lang='lat' dir='ltr'> </span> 
     </span>
    </p>
   </div>
  </div>
 </body>
</html>
