2584 4075
203 250 247 312 48
552 248 600 302 DE
619 246 735 302 BELLO
756 245 865 301 CIVILI

165 393 364 458 4Accidisse
384 394 486 479 igitur
507 392 569 478 his,
592 391 678 477 quod
697 391 885 475 plerumque
905 390 1094 455 hominibus
1116 389 1210 454 nimia
1277 441 1280 480 ,

200 490 375 573 pertinacia
398 494 494 573 atque
518 488 703 573 arrogantia
725 489 865 552 accidere
893 489 1004 572 soleat,
1035 488 1087 551 uti
1110 509 1147 552 eo
1168 510 1211 551 re·

201 591 331 651 currant
362 591 395 650 et
426 587 459 650 id
490 586 695 670 cupidissime
726 588 853 669 petant,
885 583 971 668 quod
1010 584 1108 667 paulo
1141 588 1211 647 ante

167 695 183 743 5
202 685 458 768 contempserint.
495 683 608 768 Neque
621 705 707 748 nunc
721 704 755 747 se
769 683 901 747 illorum
912 682 1100 746 humilitate
1112 705 1211 767 neque

202 782 309 866 aliqua
335 783 489 866 temporis
518 781 738 866 oportunitate
766 779 944 864 postulare,
972 779 1092 863 quibus
1120 781 1210 845 rebus

202 900 277 961 opes
301 883 478 962 augeantur
502 900 591 961 suae;
615 879 671 941 sed
689 900 743 942 eos
763 877 930 961 exercitus
949 898 1031 960 quos
1050 881 1163 941 contra
1179 901 1211 941 11

167 987 183 1035 o
202 974 321 1038 multos
344 976 409 1038 iam
431 997 532 1039 annos
556 975 703 1060 aluerint,
724 975 807 1039 velle
830 973 958 1037 dimitti.
997 971 1114 1057 Neque
1131 976 1212 1039 enim
1282 989 1283 1006 ¹

200 1088 237 1133 vr
259 1072 402 1155 legiones
425 1071 488 1151 alia
511 1072 549 1135 de
579 1094 674 1135 causa
701 1072 816 1135 missas
839 1071 875 1134 in
895 1068 1090 1153 Hispaniam
1121 1073 1212 1156 septi-

200 1190 348 1251 mamque
370 1168 417 1231 ibi
439 1167 663 1253 conscriptam,
689 1189 793 1251 neque
820 1171 871 1231 tot
901 1171 1073 1250 tantasque
1098 1169 1211 1233 classes

199 1269 328 1348 paratas
354 1286 458 1349 neque
491 1265 673 1330 submissos
701 1265 800 1348 duces·
828 1265 875 1329 rei
902 1264 1054 1328 militaris
1083 1268 1211 1349 peritos,

168 1361 294 1425 7Nihil
319 1362 436 1426 horum
462 1363 501 1427 ad
533 1362 691 1446 pacandas
722 1361 911 1446 Hispanias,
941 1361 1025 1425 nihil
1054 1363 1095 1425 ad
1122 1386 1211 1428 usum

201 1459 383 1541 provinciae
405 1448 681 1544 provisum,‘quac
699 1462 832 1541 propter
858 1458 1105 1522 diuturnitatem
1128 1462 1211 1544 pacis

167 1569 183 1616 8
201 1555 326 1618 nullum
348 1555 503 1619 auxilium
526 1555 721 1619 desiderarit.
764 1553 878 1619 Omnia
904 1549 1071 1619 haee'iam
1093 1558 1210 1640 pridem

201 1657 313 1717 contra
332 1674 365 1717 se
383 1653 502 1739 parari3
526 1653 561 1717 in
583 1676 617 1717 se
639 1653 716 1717 novi
739 1652 865 1737 generis
888 1652 1022 1735 imperia
1050 1651 1213 1741 constitui,

107 1789 116 1804 ·
202 1754 238 1814 ut
267 1752 352 1815 idem
382 1751 422 1814 ad
449 1755 559 1834 portas
587 1750 726 1833 urbanis<
747 1749 927 1832 praesideat
954 1749 1051 1813 rebus
1080 1754 1114 1814 et
1137 1753 1212 1817 duas

202 1847 461 1912 bellicosissimas
488 1846 669 1930 provincias
698 1846 814 1910 absens
841 1842 1020 1925 tdt‘annos
1055 1848 1213 1935 obtineat,

167 1958 183 2004 a
201 1945 237 2007 in
259 1966 293 2008 11
314 1945 385 2008 iura
407 1945 657 2028 magistratuum
679 1944 878 2028 commutari,
895 1965 935 2006 ne
955 1965 993 2006 ex
1011 1951 1166 2027 praetura
1183 1952 1213 2011 et

201 2042 379 2127 consulatu,
401 2045 438 2105 ut
461 2055 594 2127 semper,
618 2041 673 2105 sed
695 2063 752 2125 per
774 2064 892 2125 paucos
911 2042 1041 2125 probati
1064 2048 1099 2107 et
1123 2046 1215 2110 electi

200 2137 236 2200 in
266 2138 446 2220 provincias
477 2140 663 2223 mittantur,
695 2139 730 2202 in
762 2161 795 2203 se
828 2139 942 2202 aetatis
975 2141 1215 2207 excusationem

201 2232 283 2296 nihil
305 2234 419 2320 valere,
442 2236 521 2320 quin
544 2233 764 2318 superioribus
791 2233 886 2298 bohis
908 2233 1038 2318 probati
1069 2238 1111 2300 ad
1135 2239 1215 2303 obti-

150 2343 182 2389 10
200 2330 321 2393 nendos
355 2332 512 2395 exercitus
542 2335 727 2421 evocentur3
758 2331 794 2395 in
825 2352 859 2394 se
890 2354 970 2407 uno
986 2354 1054 2396 non
1074 2328 1216 2424 'servari

201 2427 285 2509 quod
300 2426 343 2490 sit
363 2429 511 2492 omnibus
526 2427 637 2491 datum
656 2449 780 2510 semper
794 2428 1052 2514 imperatoribus,
1065 2435 1105 2494 ut
1118 2434 1216 2498 rebus

199 2522 335 2586 feliciter
361 2524 462 2608 gestis
490 2528 546 2587 aut
574 2546 646 2588 cunr
671 2524 794 2588 honore
818 2526 925 2608 aliquo
948 2515 1007 2589 aut
1036 2532 1124 2592 certe
1148 2532 1216 2595 sine

200 2620 376 2706 ignominia
399 2621 527 2685 domum
550 2624 752 2686 revertantur
776 2623 1013 2705 exercitumque
1038 2624 1215 2692 dimittant.

148 2732 179 2779 11
200 2717 286 2794 Quae
309 2724 417 2783 tamen
440 2720 547 2784 omnia
571 2723 602 2784 et
622 2739 656 2782 se
676 2719 789 2782 tulisse
807 2719 967 2801 patienter
990 2724 1022 2783 et
1041 2742 1113 2785 esse
1134 2725 1217 2788 latu·

198 2836 283 2900 rum,
305 2837 409 2900 neque
430 2837 516 2880 nunc
538 2817 572 2880 id
595 2837 700 2901 agere,
722 2818 760 2878 ut
783 2816 823 2879 ab
846 2816 912 2879 illis
931 2816 1108 2883 abductum
1130 2843 1217 2884 exer-

199 2914 298 2978 citum
325 2916 433 2978 teneat
460 2914 544 3000 ipse,
572 2914 659 2998 quod
686 2916 794 2976 tamen
821 2913 885 2977 sibi
912 2914 1041 2978 difficile
1068 2938 1137 2981 non
1165 2920 1218 3003 sit,

147 3023 179 3070 12
199 3009 255 3072 sed
271 3031 312 3073 ne
330 3009 379 3072 illi
396 3009 547 3096 habeant,
566 3033 629 3095 quo
650 3015 762 3075 contra
781 3033 814 3074 se
832 3012 882 3074 uti
900 3012 1035 3094 possint.
1067 3012 1218 3100 Proinde,

198 3108 235 3169 ut
266 3111 350 3170 esset
382 3107 517 3192 dictum,
549 3108 724 3192 provinciis
757 3109 942 3171 excederent
975 3111 1218 3196 exercitumque

198 3202 409 3290 dimitterent3
442 3206 471 3270 si
501 3206 535 3269 id
568 3206 611 3270 sit
642 3206 778 3290 factum,
807 3227 841 3269 se
872 3205 1057 3275 nociturum
1083 3211 1217 3275 nemini.

197 3297 289 3362 Hanc
310 3322 408 3364 unam
430 3304 530 3384 atque
554 3306 729 3365 extremam
752 3324 822 3365 esse
844 3304 931 3387 pacis
950 3304 1180 3371 condicionem.

165 3405 178 3452 1
265 3393 442 3461 LXXXVI.
479 3397 518 3461 ld
539 3419 615 3461 vero
638 3398 799 3461 militibus
822 3399 885 3463 fuit
908 3406 1096 3484 pergratum
1115 3408 1148 3467 et
1171 3405 1219 3467 iu-

198 3490 345 3572 cundum,
368 3496 406 3555 ut
429 3494 561 3575 exipsa
585 3494 819 3576 significatione
847 3498 997 3580 cognosci
1023 3500 1143 3584 potuit,
1170 3503 1218 3581 ut,

199 3582 254 3662 qui
273 3582 395 3664 aliquid
413 3587 493 3691 iusti
512 3587 705 3650 incommodi
724 3593 1005 3678 exspectavissent,
1024 3595 1112 3660 ultro
1127 3618 1219 3680 prae·
1280 3628 1286 3641 ‚
