2584 4075
349 255 460 312 COMM.
480 258 500 311 Ι.
539 256 616 313 CAP.
635 258 861 314 XXlH-XXVI.
1071 259 1111 323 17

92 401 168 465 disii
187 423 265 464 cum
284 400 470 466 cohortibus
484 420 545 486 xx3
559 424 662 486 neque
681 406 804 467 certum
821 404 958 468 inveniri
975 408 1113 490 poterat,
1149 423 1166 470 3

92 498 308 562 obtinendine
321 497 485 563 Brundisii
503 521 598 563 causa
615 501 662 565 ibi
677 501 892 586 remansisset,
907 522 970 585 quo
985 501 1111 565 facilius

93 617 188 660 omne
221 593 447 659 Hadriaticum
476 618 564 660 mare
596 619 634 661 ex
667 598 791 661 ultimis
821 597 936 662 Italiae
965 598 1112 682 partibus

93 692 351 776 regionibusque
374 689 524 756 Graeciae
550 693 587 755 in
614 698 777 776 potestate
798 695 932 759 haberet
955 699 1051 777 atque
1074 717 1112 758 111

93 793 234 873 utraque
268 793 359 872 parte
386 789 507 853 bellum
534 789 757 856 administrare
784 795 908 878 posset,
935 814 977 855 an
1003 792 1113 874 inopia

93 887 229 950 navium
252 885 300 949 ibi
318 885 501 973 restitisset,
518 886 714 975 veritusque,
730 910 771 952 ne
789 889 844 952 ille
856 887 986 953 Italiam
1008 889 1113 952 dimit·
1149 904 1166 951 4

92 984 228 1046 tendam
262 982 355 1067 [non]
386 983 598 1069 existimaret,
625 985 730 1048 exitus
758 985 1113 1069 administrationesque

25 1142 30 1146 .
93 1079 287 1144 Brundisini
308 1084 423 1163 portus
445 1081 599 1163 impedire
621 1080 779 1146 instituit
811 1081 954 1156 Quorum
981 1104 1113 1166 operum
1150 1098 1166 1145 5

92 1178 174 1241 haec
193 1180 264 1240 erat
282 1177 379 1241 ratio:
412 1175 482 1253 Qua
495 1178 601 1241 fauces
620 1181 711 1242 erant
730 1179 976 1263 angustissimae
989 1183 1113 1265 portus,

1 1274 2 1277 ’
94 1275 199 1339 moles
224 1278 322 1356 atque
345 1295 495 1359 aggerem
513 1274 553 1338 ab
572 1278 708 1358 utraque
726 1280 818 1359 parte
838 1275 945 1339 litoris
968 1276 1113 1361 iaciebat,
1143 1317 1147 1322 -

94 1372 185 1456 quod
197 1370 252 1434 his
266 1370 346 1434 locis
365 1375 433 1435 erat
452 1372 607 1437 vadosum
623 1394 718 1436 mare.
755 1372 899 1457 Longius
913 1395 1112 1459 progressus
1149 1388 1165 1434 6

94 1492 171 1533 cum
204 1487 305 1552 agger
337 1467 452 1532 altiore
483 1492 567 1553 aqua
597 1470 755 1533 contineri
781 1491 848 1534 non
874 1475 998 1557 posset,
1026 1475 1112 1534 rates

94 1566 243 1650 duplices
277 1586 519 1648 quoquoversus
552 1566 669 1650 pedum
699 1584 773 1630 xxx
806 1589 823 1630 e
854 1567 985 1651 regione
1018 1567 1112 1631 molis

95 1661 299 1727 conlocabat.
335 1660 404 1724 Has
423 1662 587 1746 quaternis
606 1664 731 1728 ancoris
749 1686 789 1729 ex
811 1682 849 1727 Ν
871 1664 997 1749 angulis
1019 1665 1113 1727 desti·
1150 1677 1164 1724 ‘1

96 1760 214 1845 nabat,
232 1780 273 1822 ne
296 1758 448 1822 fiuctibus
472 1764 683 1825 moverentur.
719 1759 781 1825 His
799 1761 949 1843 perfectis
972 1762 1113 1824 conloca·
1150 1774 1166 1821 8

97 1859 208 1941 tisque
232 1855 312 1919 alias
335 1855 482 1940 deinceps
505 1856 576 1940 pari
600 1856 821 1941 magnitudine
842 1860 928 1920 rates
951 1858 1113 1942 iungebat.

97 1954 170 2017 Has
193 1957 281 2016 terra
303 1955 400 2036 atque
423 1973 539 2037 aggere
561 1954 737 2041 integebat,
758 1976 798 2017 ne
821 1954 926 2018 aditus
950 1958 1046 2039 atque
1067 1954 1113 2019 in·
1150 1968 1167 2015 9

97 2072 215 2116 cursus
234 2050 275 2113 ad
297 2051 526 2114 defendendum
543 2050 764 2136 impediretur,
787 2052 930 2117 afronte
953 2057 1049 2136 atque
1072 2052 1112 2117 ab

99 2153 241 2232 utroque
258 2147 358 2211 latere
376 2147 518 2211 cratibus
538 2169 574 2211 ac
591 2148 710 2231 pluteis
729 2149 932 2234 protegebat,
951 2149 986 2213 in
999 2153 1114 2233 quarta
1134 2162 1167 2210 10

99 2267 230 2330 quaque
254 2266 362 2308 earum
389 2248 495 2309 turres
523 2244 674 2309 binorum
703 2245 922 2309 tabulatorum
945 2247 1116 2325 excitabat,

99 2365 167 2426 quo
191 2342 388 2406 commodius
411 2340 452 2405 ab
475 2340 599 2424 impetu
621 2342 752 2406 navium
772 2342 989 2425 incendiisque
1012 2343 1114 2406 defen-

99 2442 201 2504 deret.

169 2534 290 2604 XXVI.
325 2534 446 2603 Contra
463 2535 541 2600 haec
553 2535 726 2620 Pompeius
744 2557 841 2600 naves
855 2532 988 2621 magnas
1008 2558 1116 2601 onera·
1152 2549 1167 2595 1

101 2635 178 2720 rias,
202 2655 281 2716 quas
303 2632 457 2716 inportu
479 2631 673 2697 Brundisino
697 2633 956 2718 deprehenderat,
986 2633 1115 2696 adorna-

102 2732 169 2795 bat.
215 2729 268 2793 Ibi
290 2733 395 2793 turres
418 2751 490 2793 curn
516 2730 616 2794 ternis
644 2731 801 2794 tabulatis
829 2729 972 2815 erigebat
999 2751 1116 2812 easque

102 2827 216 2892 multis
239 2824 410 2889 tormentis
433 2829 465 2889 et
489 2826 576 2890 omni
594 2847 709 2911 genere
727 2827 866 2891 telorum
884 2826 1058 2909 completas
1078 2825 1117 2888 ad

103 2946 202 3010 opera
226 2920 370 2987 Caesaris
395 2922 582 3009 adpellebat,
604 2928 641 2987 ut
664 2928 749 2987 rates
772 2928 992 3007 perrumperet
1020 2926 1117 3006 atque

103 3044 203 3106 opera
226 3019 432 3084 disturbaret.
469 3017 521 3083 Sic
543 3020 659 3084 cotidie
677 3022 840 3103 utrimque
858 3020 981 3083 eminus
1000 3019 1117 3103 fundis,

103 3118 237 3203 sagittis
260 3115 456 3199 reliquisque
474 3117 547 3180 telis
566 3118 779 3200 pugnabatur.
816 3116 924 3199 Atque
945 3113 1117 3179 11111011-
1153 3126 1172 3173 2

104 3239 158 3280 sar
180 3216 229 3279 ita
252 3213 506 3300 administrabat,
528 3217 565 3276 ut
583 3214 783 3278 condiciones
802 3213 889 3296 pacis
913 3211 1117 3275 dimittendas

104 3335 172 3377 non
203 3311 419 3394 existimaret3
452 3334 487 3376 ac
518 3311 647 3374 tametsi
678 3330 871 3394 magnopere
901 3306 1118 3371 admirabatur

105 3408 267 3494 Magium,
295 3428 390 3490 quern
416 3407 456 3470 ad
483 3406 672 3490 Pompeium
700 3429 772 3471 cum
793 3405 952 3468 mandetis
979 3403 1120 3488 miserat,

106 3507 145 3571 ad
174 3528 208 3569 se
236 3526 303 3568 non
329 3502 465 3588 remitti,
492 3507 588 3586 atque
616 3525 653 3566 ea
676 3525 726 3567 res
754 3523 847 3584 saepe
873 3503 1031 3584 temptata
1058 3501 1120 3563 etsi

106 3606 249 3685 impetus
269 3601 337 3664 eius
356 3601 551 3684 consiliaque
566 3600 724 3684 tardabat,
738 3602 843 3662 tamen
862 3598 1010 3662 omnibus
1024 3594 1120 3660 rebus

122 3701 127 3706 '
166 3717 189 3757 o.
205 3715 313 3757 ramus
329 3713 453 3755 causan.
480 3715 511 3754 11.
893 3707 909 3753 a
