2584 4075
207 229 270 291 124
327 307 335 319 ι
559 225 607 278 DE
626 224 742 279 BELLO
763 225 872 279 CIVILI

203 373 305 436 movit
329 375 360 436 et
383 370 591 454 Metropolim
618 370 716 453 uenit,
744 370 790 432 sic
817 374 854 432 ut
880 369 1014 433 nuntios
1046 370 1224 454 expugnati

206 470 315 553 oppidi
337 469 518 552 famamque
541 466 741 530 antecederet

171 589 184 634 1
271 564 414 630 LXXXI.
459 563 687 646 Metropolitae
719 564 824 646 primo
857 563 967 627 eodem
1000 564 1051 626 usi
1077 562 1221 644 oonsilio,

204 664 306 729 isdem
328 662 467 747 permoti
489 659 674 725 rumoribus
702 663 814 743 portas
843 660 1027 724 clauserunt
1049 680 1223 743 murosque
1277 672 1278 705 t

206 761 338 825 armatis
362 759 611 843 compleverunt,
640 757 695 820 sed
718 761 832 840 postea
862 777 938 820 casu
961 756 1106 820 civitatis
1131 754 1222 819 Gom·

206 857 336 943 phensis
369 857 499 942 cognito
527 878 566 919 ex
594 853 740 938 captivis,
768 876 848 938 quos
878 851 994 917 Caesar
1028 853 1067 915 ad
1096 875 1222 916 murum

172 977 186 1023 s
206 956 425 1040 producendos
448 956 624 1037 curaverat,
647 955 758 1033 portas
781 953 984 1034 aperuerunt.
1031 948 1158 1025 Quibus
1182 949 1222 1011 di·

206 1052 419 1138 ligentissime
447 1050 661 1132 conservatis,
688 1048 815 1112 conlata
842 1048 973 1111 fortuna
1001 1046 1222 1130 Metropolita-

206 1173 279 1214 rum
310 1170 382 1213 cum
414 1170 490 1212 casu
523 1143 776 1228 Gomphensium
814 1145 904 1209 nulla
939 1144 1126 1207 Thessaliae
1162 1144 1222 1207 fuit

207 1247 321 1311 civitas
344 1249 471 1329 praeter
499 1242 678 1327 Larisaeos
705 1243 760 1325 qui
787 1243 913 1327 magnis
941 1242 1138 1306 exercitibus
1161 1238 1222 1304 Sci·

207 1344 313 1427 pionis
336 1342 538 1426 tenebantur,
556 1341 636 1424 quin
656 1336 786 1403 Caesari
804 1344 931 1422 pareret
950 1342 1047 1423 atque
1066 1339 1222 1423 imperata

173 1440 334 1507 efaceret.
385 1437 444 1502 Ille
483 1438 633 1502 idoneum
671 1436 779 1500 locum
809 1437 845 1500 in
885 1437 970 1520 agris
1003 1440 1129 1523 nactus,
1161 1457 1222 1521 quo

208 1558 308 1621 prope
330 1537 394 1600 iam
417 1540 544 1600 matura
571 1537 662 1597 erant
686 1536 858 1615 frumento,
899 1533 946 1596 ibi
974 1532 1148 1596 adventum
1175 1555 1221 1596 ex-

209 1639 352 1719 spectare
369 1632 502 1717 Pompei
524 1652 625 1714 eoque
649 1653 774 1695 omnem
797 1630 874 1693 belli
897 1631 1056 1694 rationem
1081 1631 1221 1694 conferre

209 1732 386 1798 constituit.

175 1851 189 1896 1
275 1827 433 1893 LXXXII.
470 1825 642 1908 Pompeius
667 1826 777 1908 paucis
802 1830 876 1908 post
900 1824 1011 1888 diebus
1034 1823 1069 1887 in
1090 1824 1221 1889 Thessa·

197 1928 286 1992 liam
308 1926 453 2010 pervenit
477 1924 745 2004 contionatusque
768 1921 852 2005 apud
876 1925 1025 2003 cunctum
1049 1922 1221 1985 exercitum

210 2025 277 2090 suis
301 2023 368 2108 agit
392 2022 522 2107 gratias,
537 2018 696 2103 Scipionis
716 2019 836 2083 milites
855 2018 1053 2104 cohortatur,
1075 2023 1115 2083 ut
1133 2024 1222 2103 parta

210 2123 275 2185 iam
296 2121 431 2184 victoria
454 2119 589 2203 praedae
612 2140 649 2181 ac
670 2116 887 2201 praemiorum
910 2116 1010 2179 velint
1034 2137 1104 2179 esse
1127 2118 1222 2200 parti-

211 2219 307 2303 cipes,
338 2217 537 2300 receptisque
565 2215 714 2279 omnibus
748 2215 782 2277 in
813 2235 877 2276 una
904 2217 1009 2277 castra
1040 2212 1221 2298 legionibus

212 2337 306 2378 suum
337 2334 409 2377 oum
440 2310 588 2395 Scipione
622 2311 779 2376 honorem
816 2312 957 2395 partitur
993 2311 1222 2394 classicumque

212 2411 296 2495 apud
319 2432 392 2474 eum
413 2408 484 2473 cani
507 2413 539 2471 et
563 2409 700 2471 alterum
722 2409 772 2473 illi
794 2409 885 2472 iubet
907 2410 1106 2493 praetorium
1129 2409 1220 2472 tendi.

177 2508 325 2578 aAuotis
358 2508 458 2591 copiis
490 2505 622 2588 Pompei
654 2504 844 2590 duobusque
875 2505 1000 2590 magnis
1032 2506 1221 2569 exercitibus

211 2605 389 2671 coniunctis
412 2603 550 2689 pristina
573 2601 716 2665 omnium
739 2604 946 2666 confirmatur
965 2601 1075 2685 opinio
1094 2606 1129 2665 et
1153 2624 1221 2685 spes

212 2703 364 2769 victoriae
387 2705 533 2786 augetur,
555 2700 632 2762 adeo
661 2702 708 2785 ut,
731 2699 887 2783 quidquid
916 2698 1127 2763 intercederet
1150 2704 1222 2763 tem·

212 2801 309 2886 poris,
335 2799 369 2862 id
394 2798 515 2862 morari
543 2796 681 2882 reditum
708 2798 743 2860 in
768 2796 897 2861 Italiam
926 2796 1100 2883 videretur,
1133 2801 1165 2860 et
1195 2795 1221 2859 si

213 2898 339 2982 quando
360 2895 436 2980 quid
449 2893 621 2978 Pompeius
640 2892 764 2957 tardius
783 2899 839 2958 aut
853 2892 1086 2958 consideratius
1100 2893 1222 2978 faceret,

213 2995 309 3059 unius
333 3014 402 3057 esse
423 2991 590 3076 negotium
613 2991 684 3075 diei,
712 2990 767 3054 sed
794 2990 887 3053 illum
909 2989 1060 3053 delectari
1090 2989 1220 3074 imperio

214 3096 247 3155 et
273 3091 456 3155 consulares
483 3088 726 3172 praetoriosque
754 3109 920 3151 servorum
945 3086 1064 3150 habere
1092 3110 1219 3152 numero

179 3190 362 3257 adicerent.
406 3186 539 3271 Iamque
561 3185 646 3249 inter
669 3207 703 3248 se
730 3185 836 3268 palam
867 3185 905 3249 de
932 3184 1107 3268 provinciis
1132 3208 1167 3249 ac
1187 3185 1221 3248 de

216 3285 401 3350 sacerdotiis
429 3282 663 3349 contendebant
691 3284 727 3345 in
753 3305 917 3367 annosque
944 3284 1148 3347 consulatum
1177 3284 1220 3346 de·

216 3383 381 3468 finiebant,
408 3382 463 3445 alii
493 3382 605 3446 domos
633 3382 781 3463 bonaque
809 3402 932 3465 eorum,
964 3380 1019 3464 qui
1047 3381 1080 3442 in
1114 3381 1220 3444 castris

181 3483 307 3546 lerant
331 3476 487 3564 Caesaris,
509 3477 675 3562 petebant3
702 3497 881 3562 magnaque
910 3478 993 3541 inter
1020 3499 1077 3541 eos
1101 3479 1136 3541 in
1156 3500 1219 3541 con·

139 3586 142 3591 '
218 3575 290 3637 silio
314 3575 377 3638 fuit
401 3575 627 3660 controversia,
650 3578 853 3657 oporteretne
876 3572 990 3638 Lucilii
1018 3572 1120 3659 Hirri,
1143 3574 1219 3658 quod
