2584 4075
276 258 388 313 conr,
408 259 455 313 nr.
494 260 570 314 car.
589 227 871 314 axxvnr-uxxx.
1021 260 1084 323 123

67 405 247 487 gesserant,
271 424 326 466 seu
354 403 458 487 gloria
486 403 572 489 elati,
599 409 722 491 cuncta,
749 409 786 468 ut
809 409 900 469 erant
923 409 1003 490 acta,
1033 427 1084 468 ex·

66 502 249 582 posuerunt
272 503 304 562 et
328 498 472 564 Caesaris
495 502 735 585 profectionem,
758 501 931 565 adventum
952 499 1084 584 Pompei

67 597 256 660 docuerunt.
311 596 340 660 A
365 597 482 680 quibus
504 596 670 662 Domitius
693 598 810 662 certior
839 598 943 662 factus
965 597 1020 661 vix
1047 607 1119 660 lv?

66 695 224 759 horarum
243 694 348 777 spatio
368 695 554 759 antecedens
572 695 718 759 hostium
736 694 890 760 beneficio
907 694 1085 780 periculum

67 791 188 855 vitavit
211 795 244 853 et
267 791 306 854 ad
320 791 502 876 Aeginium,
526 793 612 875 qnod
635 796 685 856 est
709 791 867 855 adiectum
890 791 1084 875 adpositum·

68 911 132 972 que
155 887 350 975 Thessaliae,
373 887 503 954 Caesari
525 890 667 954 venienti
690 888 836 952 occurrit.

136 984 265 1049 LXXX.
302 984 481 1050 Coniuncto
512 987 654 1059 exercitu
681 984 798 1050 Caesar
821 983 986 1070 Gomphos
1016 993 1117 1070 per-1

68 1084 169 1167 venit,
189 1082 275 1166 quod
293 1086 342 1146 est
362 1083 515 1166 oppidum
532 1085 672 1168 primum
685 1083 869 1147 Thessaliae
882 1083 1083 1147 venientibus

69 1181 110 1244 ab
138 1180 257 1267 Epiro,
289 1202 369 1263 quae
397 1201 475 1264 gens
503 1182 612 1263 paucis
639 1184 715 1245 ante
741 1179 905 1244 mensibus
935 1180 1021 1245 ultro
1045 1180 1085 1243 ad

69 1276 242 1342 Gaesarem
268 1277 394 1362 legatos
420 1276 563 1362 miserat,
589 1282 627 1342 ut
655 1278 722 1342 suis
751 1278 899 1342 omnibns
926 1277 1084 1342 facultati-

70 1378 131 1442 bus
164 1378 319 1458 uteretur,
350 1373 608 1458 praesidiumque
636 1376 677 1439 ab
706 1397 743 1439 eo
771 1375 913 1440 militum
938 1375 1083 1460 petierat.

71 1472 133 1537 Sed
160 1494 198 1537 eo
221 1472 306 1536 fama
329 1471 393 1534 iam
416 1474 645 1557 praecurrerat,
670 1493 766 1555 quam
790 1494 887 1555 supra
910 1472 1084 1554 docuimus,
1103 1478 1118 1524 2

70 1572 109 1634 de
132 1568 256 1653 proelio
279 1566 491 1651 Dyrrachino,
514 1568 599 1651 quod
626 1570 738 1632 multis
767 1573 899 1633 auxerat
927 1567 1083 1651 partibus.

70 1666 187 1749 Itaque
201 1662 452 1748 Androsthenes,
474 1670 604 1747 praetor
618 1665 811 1750 Thessaliae,
834 1687 907 1729 cum
930 1687 964 1728 se
986 1665 1084 1728 victo·
1103 1671 1119 1718 3

71 1764 138 1826 riae
160 1760 293 1843 Pompei
322 1760 471 1824 comitem
498 1783 567 1824 esse
594 1762 704 1826 mallet
733 1784 829 1845 quam
857 1763 979 1826 socium
1009 1760 1085 1825 an-

72 1860 154 1924 saris
177 1859 213 1922 in
234 1857 330 1920 rebus
354 1857 505 1942 adversis,
528 1880 654 1922 omnem
677 1881 716 1922 ex
739 1860 826 1944 agris
844 1858 1085 1923 multitudinem

73 1977 239 2022 servorum
271 1976 307 2017 ac
336 1954 513 2019 liberorum
544 1956 579 2019 in
611 1956 764 2040 oppidum
792 1957 879 2041 cogit
910 1959 1102 2040 portasque.

73 2050 250 2140 praecludit
265 2056 297 2116 et
312 2053 350 2116 ad
365 2050 546 2137 Scipionem
559 2053 810 2138 Pompeiumque
827 2054 959 2118 nuntios
972 2053 1098 2137 mittit,

73 2157 109 2216 ut
147 2151 211 2215 sibi
243 2150 386 2214 subsidio
419 2150 563 2215 veniant:
597 2172 630 2214 se
663 2152 820 2216 confidere
851 2150 1084 2215 munitionibus

74 2248 193 2334 oppidi,
216 2247 245 2313 si
267 2247 411 2311 celeriter
439 2252 656 2332 succurratur3
682 2249 893 2333 longinquam
923 2270 1086 2333 oppugna·

73 2349 195 2411 tionem
228 2343 385 2407 sustinere
414 2365 481 2409 non
511 2366 613 2427 posse.
660 2343 767 2429 Scipio
799 2346 940 2410 discessu
971 2346 1121 2410 exarsi-4

73 2449 167 2509 tuum
186 2442 225 2506 ab
240 2439 419 2523 Dyrrachio
438 2442 569 2526 cognito
583 2441 728 2507 Larisam
740 2442 884 2528 legiones
899 2442 1085 2526 adduxerat,

73 2540 246 2624 Pompeius
270 2540 409 2602 nondum
434 2539 618 2603 Thessaliae
641 2539 927 2624 adpropinquabat.
969 2537 1121 2602 Caesara

75 2638 190 2704 castris
214 2636 348 2700 munitis
373 2636 472 2701 scalas
495 2636 720 2721 musculosque
749 2638 790 2700 ad
811 2635 1010 2719 repentinam
1033 2657 1086 2718 op-

74 2735 305 2822 pugnationem
323 2733 394 2796 fieri
412 2737 444 2797 et
462 2738 565 2798 crates
583 2735 691 2817 parari
708 2734 811 2798 iussit.
844 2731 966 2808 Quibus
989 2731 1085 2796 rebus
1104 2743 1120 2790 6

75 2833 196 2899 effectis
219 2830 406 2895 cohortatus
424 2831 543 2894 milites
562 2831 854 2923 docuit„quantum
875 2852 970 2893 usum
991 2827 1086 2892 habe-

50 2922 124 2995 'ret
156 2929 196 2994 ad
229 2926 456 2994 sublevandam
488 2928 630 2992 omnium
667 2951 774 2992 rerum
809 2927 952 3010 inopiam
987 2926 1087 3009 potiri

76 3027 193 3114 oppido
217 3026 311 3110 pleno
336 3029 431 3108 atque
451 3026 612 3110 opulento,
631 3027 727 3089 simul
746 3025 878 3107 reliquis
900 3023 1085 3087 civitatibus

74 3126 170 3189 huius
193 3122 284 3187 urbis
308 3122 452 3205 exemplo
480 3122 597 3185 inferre
619 3127 775 3185 terrorem
802 3125 833 3183 et
856 3120 890 3183 id
917 3119 986 3183 fieri
1009 3119 1086 3183 cele-

74 3224 166 3306 riter,
198 3219 386 3302 priusquam
418 3218 538 3282 auxilia
573 3220 805 3282 concurrerent.
858 3215 972 3299 Itaque
1007 3228 1121 3280 usust

75 3316 232 3403 singulari
255 3315 395 3379 militurn
418 3314 524 3379 studio
548 3315 667 3401 eodem,
691 3336 754 3397 quo
777 3315 917 3397 venerat,
939 3313 989 3376 die
1012 3318 1087 3397 post

72 3416 188 3480 horam
209 3434 328 3476 nonam
352 3411 504 3495 oppidum
526 3412 693 3475 altissimis
712 3408 881 3474 moenibus
900 3430 1087 3494 oppugnare

73 3513 244 3597 adgressus
273 3512 347 3572 ante
374 3508 452 3572 solis
481 3529 627 3573 occasum
660 3505 855 3591 expugnavit
888 3510 920 3570 et
948 3506 986 3569 ad
1014 3506 1087 3571 diri-

73 3608 225 3692 piendum
243 3603 402 3669 militibus
421 3606 577 3669 concessit
596 3605 770 3686 statimque
788 3602 828 3665 ab
849 3602 966 3686 oppido
982 3607 1086 3667 castra
