2584 4075
183 256 203 319 8
533 253 716 307 11111111
737 253 844 307 orum

183 420 327 462 sermone
350 398 504 484 confecto,
527 397 617 462 cuius
640 398 688 462 rei
711 421 806 462 causa
828 404 969 486 venerat,
985 399 1107 463 habere
1129 421 1164 462 se
1184 423 1205 463 a

181 493 334 577 Pompeio
363 495 402 558 ad
429 517 502 559 eum
528 494 648 578 privati
676 495 774 559 officii
805 496 956 560 mandata
983 497 1203 560 demonstrat:

145 592 262 656 avelle
284 591 474 675 Pompeium
497 615 530 656 11
549 591 679 657 Caesari
702 597 887 679 purgatum,
908 615 948 657 nc
971 615 1018 680 ea,
1038 616 1123 678 quae
1142 595 1202 657 rei-

181 689 328 773 publicae
360 710 454 753 causa
486 689 602 775 egerit,
633 688 668 750 in
701 709 792 752 snam
824 689 1052 753 contumeliam
1084 694 1201 754 vertat.

183 782 314 867 Semper
329 806 362 848 se
375 784 569 868 reipublicae
584 783 749 848 commoda
758 784 894 866 privatis
906 785 1202 851 necessitudinibus

181 882 333 946 habuisse
356 883 491 965 potiora.
529 880 697 947 Caesarem
721 902 848 965 quoque
870 904 929 965 pro
954 904 1014 946 sua
1039 884 1203 967 dignitate

183 978 296 1042 debere
319 982 351 1042 et
375 979 518 1043 studium
541 983 574 1043 et
595 978 793 1042 iracundiam
816 1002 907 1043 suam
934 980 1133 1063 reipublicae
1156 982 1202 1045 di-

183 1075 311 1138 mittere
336 1097 440 1158 neque
473 1076 550 1140 adeo
579 1074 719 1160 graviter
746 1075 841 1139 irasci
868 1076 1021 1161 11111111111,
1054 1100 1097 1141 ne
1129 1100 1202 1141 cum

149 1183 165 1231 4
185 1171 250 1233 illis
272 1193 386 1236 nocere
410 1195 443 1236 11
467 1176 582 1257 speret,
604 1171 798 1255 reipublicae
820 1178 942 1238 noceat.
987 1174 1095 1240 Pauca
1120 1175 1201 1239 eius-

185 1267 256 1331 dem
278 1269 404 1353 generis
428 1270 515 1333 addit
537 1292 610 1333 cum
633 1270 838 1334 excusatione
860 1269 993 1354 Pompei
1020 1273 1201 1338 coniuncta.

184 1364 304 1428 Eadem
318 1365 384 1428 fere
395 1370 490 1448 atque
505 1364 623 1428 eisdem
636 1366 743 1429 verbis
758 1372 887 1450 praetor
896 1366 1033 1433 Roscius
1049 1371 1120 1454 agit
1129 1393 1202 1435 cum

185 1459 320 1525 Caesare
344 1461 469 1544 sibique
491 1459 681 1543 Pompeium
703 1483 968 1529 commemorasse
991 1466 1201 1532 demonstrat.

149 1570 164 1617 1
251 1555 356 1621 VIIII.
393 1556 479 1633 Quae
497 1578 548 1620 res
567 1557 629 1621 etsi
646 1558 730 1621 nihil
748 1561 788 1624 ad
806 1562 957 1626 levandas
975 1563 1111 1628 iniurias
1133 1587 1201 1648 per-

184 1654 287 1718 tinere
310 1654 511 1740 videbantur,
532 1658 641 1717 tamen
668 1654 799 1720 idoneos
822 1662 936 1722 nactus
964 1658 1123 1747 homines,
1145 1684 1203 1744 per

186 1774 267 1836 quos
295 1774 346 1840 ea,
373 1774 454 1837 quae
480 1751 590 1837 uellet,
617 1751 658 1815 ad
685 1773 758 1815 eum
785 1754 1016 1842 perferrentur,
1042 1758 1128 1839 petit
1160 1759 1202 1822 ab

185 1854 337 1936 utroque,
365 1850 518 1935 quoniam
544 1847 677 1932 Pompei
704 1850 855 1914 mandata
883 1852 922 1915 ad
950 1874 984 1916 11
1015 1853 1203 1941 detulerint,

185 1969 225 2011 ne
248 1952 422 2032 graventur
446 1970 504 2012 sua
527 1967 654 2031 quoque
678 1946 717 2008 ad
739 1968 813 2010 eum
834 1949 1000 2031 postulata
1023 1950 1156 2039 deferre,
1175 1954 1203 2016 si

185 2068 285 2129 paruo
303 2047 413 2109 labore
431 2065 564 2128 magnas
583 2046 818 2109 controversias
833 2047 946 2110 tollere
961 2051 1057 2131 atque
1074 2070 1203 2115 omnem

150 2140 314 2205 altaliam
345 2143 434 2204 metu
464 2141 601 2204 liberare
627 2141 763 2224 possint.
809 2139 880 2206 Sibi
912 2165 1036 2227 semper
1063 2147 1202 2229 primam

185 2238 286 2302 fuisse
308 2237 499 2321 dignitatem
522 2236 651 2319 vitaque
674 2238 841 2322 potiorem.
878 2238 1030 2305 Doluisse
1048 2264 1093 2328 se,
1115 2246 1203 2328 quod

186 2332 300 2417 populi
330 2331 469 2396 Romani
501 2333 691 2396 beneficium
724 2335 788 2398 sibi
819 2358 876 2419 per
904 2339 1133 2407 contumeliam
1162 2343 1204 2406 ab

186 2428 324 2493 inimicis
348 2433 592 2513 extorqueretur
615 2434 789 2515 ereptoque
813 2435 982 2498 semenstri
1008 2436 1146 2520 imperio
1169 2441 1204 2504 in

187 2527 299 2590 urbem
330 2526 560 2613 retraheretur,
590 2527 681 2591 cuius
715 2529 857 2594 absentis
894 2532 1054 2597 rationem
1089 2534 1204 2600 haberi

151 2640 168 2686 3
186 2622 342 2709 proximis
357 2624 496 2688 comitiis
510 2625 649 2707 populus
668 2625 825 2690 iussisset.
862 2625 983 2692 Tamen
999 2628 1084 2692 hanc
1104 2630 1204 2696 iactu-

187 2744 257 2787 ram
272 2719 406 2784 honoris
426 2722 476 2784 sui
494 2722 689 2805 reipublicae
712 2745 807 2787 causa
826 2745 928 2808 aequo
948 2725 1055 2789 animo
1073 2729 1204 2814 tulisse3

187 2841 259 2883 cum
280 2818 407 2881 litteras
430 2818 470 2881 ad
493 2824 640 2883 senatum
662 2821 797 2907 miserit,
819 2825 856 2884 ut
880 2843 990 2886 omnes
1021 2824 1062 2887 ab
1086 2827 1204 2890 exerci-

150 2917 275 2981 4tibus
307 2915 518 3001 discederent,
548 2938 589 2980 ne
615 2916 649 2980 id
677 2917 817 3000 quidem·
834 2918 1065 3002 impetravisse.
1119 2922 1205 2987 Tota

185 3012 281 3078 ltalia
304 3012 439 3076 dilectus
461 3012 584 3099 haberi,
605 3013 739 3076 retineri
760 3013 903 3098 legiones
931 3033 967 3101 11,
994 3037 1076 3098 quae
1104 3019 1146 3083 ab
1169 3042 1204 3084 11

187 3110 391 3176 simulatione
413 3109 556 3174 Parthici
579 3110 657 3173 belli
680 3109 745 3173 sint
765 3107 929 3197 abductae,
947 3111 1112 3179 civitatem
1133 3139 1204 3182 1111

186 3209 222 3273 111
244 3208 350 3272 armis.
387 3207 534 3284 Quonam
554 3206 633 3271 haec
652 3205 759 3271 omnia
776 3207 841 3270 nisi
859 3208 899 3271 ad
917 3231 1008 3272 suam
1029 3212 1205 3293 perniciem

151 3324 168 3370 o
187 3305 370 3389 pertinere?
408 3303 470 3368 Sed
488 3309 597 3368 tamen
615 3303 655 3368 ad
674 3303 781 3368 omnia
799 3326 833 3367 sc
851 3305 1038 3371 descendere
1052 3315 1205 3391 paratum

188 3407 284 3486 atque
303 3402 409 3466 omnia
427 3402 496 3485 pati
518 3401 712 3485 reipublicae
731 3423 834 3465 causa.
868 3401 1097 3469 Proficiscatur
1109 3405 1204 3471 Pom·

187 3500 278 3582 peius
296 3499 332 3562 in
350 3521 424 3562 suas
443 3499 633 3583 provincias,
651 3498 715 3581 ipsi
733 3498 891 3562 exercitus
906 3499 1082 3586 dimittant,
1105 3501 1205 3567 disce-

188 3595 265 3656 dant
278 3594 313 3655 in
326 3591 421 3656 ltalia
436 3615 545 3657 omnes
565 3594 605 3657 ab
624 3596 732 3681 1111111,
748 3597 854 3657 metus
873 3615 891 3657 e
909 3594 1039 3659 civitate
1056 3598 1205 3689 tollatur,
