2584 4075
300 245 412 302 COMM.
432 247 479 301 HI.
519 246 594 301 CAP.
615 247 932 302 XXXVIII—XXXXH.
1057 248 1118 312 lOl

101 392 248 475 reliquas
266 392 414 456 incendit.
454 391 525 456 Hoc
547 393 693 456 confecto
716 392 848 475 negotio
862 390 901 456 D.
916 391 1062 456 Laelium
1080 393 1120 455 ab
1140 411 1156 457 4

101 488 252 552 Asiatica
270 488 370 552 classe
389 488 562 552 abductum
580 489 744 573 relinquit,
762 490 818 572 qui
836 494 1032 553 commeatus
1046 488 1121 571 Byl-

102 586 168 649 lide
197 589 295 669 atquc
321 585 472 650 Amantia
500 586 670 670 importari
697 586 731 649 in
759 587 912 669 oppidum
942 587 1120 671 prohibeat.

103 683 179 767 Ipse
202 682 332 747 Lissum
353 684 516 767 profectus
539 705 636 747 naves
662 684 823 747 onerarias
846 702 919 748 xxx
942 707 960 747 a
990 682 1032 747 M.
1057 682 1155 746 Ans

102 781 197 845 111111
221 780 348 843 11111111
375 781 462 844 intra
484 783 616 863 portum
638 781 809 864 adgressus
834 802 943 845 omnes
966 780 1120 862 incendit,

104 875 237 940 Lissum
260 898 443 962 expugnare
467 880 590 959 frustra
616 881 749 941 conatus
778 878 1019 942 defendentibus
1047 877 1121 941 civi-

104 976 167 1039 bus
190 973 356 1060 Romanis,
379 975 435 1058 qui
462 975 530 1038 eius
558 979 734 1039 conventus
762 979 863 1059 erant,
889 974 1122 1059 militibusque,

105 1094 188 1158 quos
221 1072 373 1156 praesidii
404 1063 499 1136 causa
530 1073 662 1136 miserat
694 1068 821 1156 Caesar,
847 1073 992 1135 triduum
1020 1093 1121 1135 mora-

104 1176 159 1234 tus
193 1170 304 1254 paucis
337 1170 371 1232 in
403 1170 644 1253 oppugnatione
676 1169 802 1233 amissis
834 1191 869 1232 re
900 1169 1018 1232 infecta
1047 1169 1120 1231 inde

106 1267 264 1332 discessit.

173 1362 321 1429 XXXXI.
359 1360 477 1427 Caesar
499 1367 673 1447 postquam
699 1364 889 1448 Pompeium
916 1365 956 1427 ad
982 1363 1153 1447 Aspara-1

106 1464 198 1547 gium
220 1482 290 1525 esse
313 1460 473 1543 cognovit,
496 1461 606 1525 eodem
629 1484 702 1526 cum
721 1463 861 1526 exercitu
884 1462 1047 1546 profectus
1070 1483 1120 1524 ex-

107 1562 252 1645 pugnato
275 1558 310 1620 in
331 1557 447 1619 itinere
470 1558 587 1639 oppido
615 1558 853 1643 Parthinorum,
880 1559 915 1621 in
943 1580 1006 1641 quo
1028 1556 1121 1622 Pom·

106 1659 200 1741 peius
221 1654 416 1739 praesidium
437 1653 586 1738 habebat,
609 1656 706 1719 tertio
736 1656 786 1719 die
810 1643 1056 1740 [Macedoniam]¹
1082 1656 1121 1718 ad

106 1754 296 1838 Pompeium
326 1752 472 1835 pervenit
502 1752 657 1835 iuxtaque
693 1775 765 1816 eum
802 1755 906 1816 castra
942 1753 1051 1834 posuit
1089 1755 1121 1814 et

106 1851 264 1937 postridie
287 1849 408 1912 eductis
437 1849 586 1912 omnibus
614 1850 715 1932 copiis
744 1850 809 1913 acie
836 1849 995 1912 instructa
1019 1848 1120 1911 decer-

106 1950 204 2015 nendi
226 1950 422 2031 potestatem
443 1945 596 2030 Pompeio
619 1946 703 2010 fecit.
749 1945 815 2010 Ubi
837 1945 930 2008 illum
954 1945 1155 2009 1111111111

108 2072 142 2113 11
164 2053 274 2112 tenere
296 2045 529 2130 animadvertit,
553 2046 684 2109 reducto
703 2045 738 2107 in
756 2047 860 2107 castra
874 2043 1015 2107 exercitu
1035 2044 1122 2107 aliud

108 2147 173 2211 sibi
195 2143 366 2209 consilium
388 2142 575 2224 capiendum
598 2141 803 2216 existimavit.
850 2139 963 2224 Itaque
990 2145 1156 2224 posteros

108 2244 159 2307 die
183 2240 332 2305 omnibus
356 2239 456 2321 copiis
478 2259 596 2322 magno
620 2239 755 2302 circuitu
774 2237 897 2301 difficili
921 2242 1123 2323 angustoque

108 2342 224 2404 itinere
256 2335 469 2418 Dyrrachium
501 2337 664 2419 profectus
693 2339 742 2399 est
775 2356 906 2417 sperans
934 2333 1123 2418 Pompeium

109 2442 165 2501 aut
192 2433 407 2518 Dyrrachium
435 2434 582 2517 compelli
610 2436 666 2496 aut
694 2433 733 2497 ab
762 2454 799 2496 eo
822 2432 992 2495 intercludi
1019 2453 1123 2518 posse,

109 2535 196 2619 quod
226 2553 351 2596 omnem
384 2535 596 2595 commeatum
627 2530 792 2613 totiusque
824 2529 901 2593 belli
933 2533 1123 2612 apparatum

110 2655 147 2696 eo
170 2629 373 2711 contulisset,
397 2631 434 2691 ut
457 2628 578 2691 accidit.
614 2625 786 2710 Pompeius
806 2627 890 2690 enim
909 2627 1012 2709 primo
1032 2627 1157 2711 igno-4

109 2750 185 2792 rans
209 2725 277 2790 eius
296 2724 474 2808 consilium,
493 2725 578 2807 quod
598 2723 723 2786 diverso
743 2723 782 2786 ab
802 2745 838 2787 ea
857 2724 987 2808 regione
1008 2723 1122 2788 11111111

110 2825 290 2909 profectum
312 2820 450 2905 videbat,
473 2822 631 2905 angustiis
655 2822 702 2884 rei
729 2822 956 2886 frumentariae
983 2821 1122 2904 compul-

111 2945 183 2986 sum
214 2918 399 2984 discessisse
430 2917 648 3002 existimabat3
680 2922 792 3002 postea
819 2941 875 3002 per
904 2917 1122 3000 exploratores

111 3020 227 3085 certior
250 3018 354 3081 factus
378 3019 508 3098 postero
529 3016 578 3079 die
597 3020 702 3079 castra
720 3017 822 3079 movit
845 3014 990 3078 breviore
1007 3015 1122 3078 itinere

109 3140 146 3182 se
168 3135 332 3180 occurrere
360 3111 389 3174 ei
416 3133 510 3194 posse
538 3134 677 3195 sperans.
723 3110 815 3187 Quod
841 3112 909 3174 fore
941 3111 1156 3193 suspicatuss

112 3213 229 3278 Caesar
251 3210 434 3291 militesque
457 3208 657 3292 adhortatus,
675 3214 711 3272 ut
731 3231 830 3293 aequo
850 3209 955 3271 animo
979 3208 1123 3271 laborem

111 3312 241 3392 ferrent,
263 3329 395 3391 parvam
417 3310 542 3388 partem
564 3306 668 3369 noctis
691 3305 805 3368 itinere
822 3304 1006 3367 intermisso
1030 3327 1122 3368 mane

112 3405 326 3491 Dyrrachium
348 3405 445 3488 venit,
467 3426 539 3467 eum
562 3403 702 3486 primum
725 3422 838 3485 agmen
855 3399 988 3484 Pompei
1011 3403 1123 3485 procul

114 3506 302 3584 cerneretur,
325 3504 421 3584 atque
443 3502 490 3564 ibi
513 3504 617 3564 castra
639 3499 758 3582 posuit.
818 3541 830 3562 -.
1096 3535 1106 3548 -

177 3595 341 3662 XXXXII.
377 3595 548 3681 Pompeius
567 3596 759 3659 interclusus
773 3592 961 3679 Dyrrachio,
980 3596 1037 3660 ubi
1051 3620 1121 3681 pro·
1142 3610 1156 3654 1
