2584 4075
350 240 461 295 COMM.
481 242 514 294 ΙΙ.
552 242 628 296 cAP.
648 242 863 296 XIIII-XVIII.
1070 244 1113 308 59

98 384 308 472 linqueretur,
332 408 394 469 qua
417 391 472 450 aut
499 387 572 451 telis
599 387 758 470 militibus
783 391 839 451 aut
861 387 930 472 igni
962 387 1112 470 operibus

97 482 205 545 noceri
223 487 345 569 posset,
363 484 534 567 eodemque
553 485 697 568 exemplo
713 485 857 549 sentiunt
871 488 975 549 totam
989 484 1112 570 urbem,
1131 505 1147 551 2

98 600 162 661 qua
184 579 229 643 sit
252 581 359 644 aditus
378 604 397 644 a
413 586 509 667 terra,
525 603 617 646 muro
641 582 849 665 turribusque
873 581 1112 646 circummuniri

98 697 206 762 posse,
239 678 286 741 sic
318 683 355 742 ut
385 678 464 762 ipsis
496 678 690 743 consistendi
719 679 754 743 in
781 679 848 743 suis
875 678 1111 743 munitionibus

97 774 187 837 locus
216 797 285 839 non
313 780 409 861 esset,
437 797 510 840 cum
536 797 634 860 paene
662 776 862 841 inaedificata
884 776 920 840 in
946 776 1046 840 muris
1070 776 1111 839 ab

97 872 240 936 exercitu
266 876 380 937 nostro
406 873 532 937 moenia
559 873 742 936 viderentur
771 896 807 938 ac
833 874 898 937 tela
924 895 1021 937 manu
1050 873 1112 936 eoi·

97 973 260 1055 curentur,
287 991 480 1054 suorumque
508 974 743 1035 tormentorum
769 993 873 1055 usum,
904 971 1022 1055 quibus
1047 970 1146 1053 ipsis

95 1088 214 1152 magna
233 1067 480 1153 superavissent,
498 1068 595 1151 spatii
613 1068 856 1151 propinquitate
878 1068 1010 1131 interire
1028 1066 1112 1151 pari·

95 1186 160 1248 que
182 1154 368 1229 condicione
395 1187 434 1229 ex
459 1186 551 1230 muro
576 1187 612 1228 ac
638 1165 784 1229 turribus
811 1164 952 1251 bellandi
979 1163 1054 1228 data
1076 1184 1110 1229 se

95 1262 219 1325 virtute
250 1262 372 1326 nostris
403 1263 579 1345 adaequare
610 1284 677 1326 non
708 1285 803 1346 posse
834 1263 1041 1347 intellegunt,
1071 1260 1112 1325 ad

94 1360 225 1424 easdem
247 1358 419 1423 deditionis
443 1359 643 1423 condiciones
667 1364 845 1424 recurrunt.
1050 1402 1094 1417 a

185 1454 291 1520 XVII.
327 1455 369 1520 M.
384 1454 487 1521 Varro
502 1457 536 1520 in
554 1457 707 1521 ulteriore
725 1457 882 1542 Hispania
895 1456 990 1521 initio
1004 1455 1110 1540 cogni·
1130 1477 1143 1522 1

97 1555 140 1618 tis
164 1555 205 1617 iis
229 1553 336 1638 rebus,
359 1574 440 1636 quae
463 1557 538 1619 sunt
560 1553 703 1617 inltalia
722 1559 840 1639 gestae,
859 1554 1005 1617 diffidens
1018 1550 1110 1616 Pom-

98 1651 222 1733 peianis
244 1649 340 1713 rebus
364 1650 553 1714 amicissime
576 1650 614 1713 de
637 1649 771 1714 Caesare
793 1650 998 1733 loquebatur:
1022 1668 1143 1731 prae-a

98 1751 289 1831 occupatum
313 1768 381 1811 sese
398 1746 559 1831 legatione
581 1746 670 1811 aCn.
685 1746 847 1831 Pompeio,
869 1746 971 1809 teneri
995 1745 1109 1808 obstri-

97 1851 186 1910 ctum
208 1845 284 1929 fide3
305 1844 573 1908 necessitudinem
596 1844 724 1926 quidem
747 1844 810 1907 sibi
828 1842 930 1906 nihilo
953 1842 1110 1906 minorem

97 1965 171 2007 cum
207 1939 342 2006 Caesare
379 1941 587 2024 intercedere,
617 1961 721 2023 neque
754 1962 787 2003 se
826 1939 987 2024 ignorare,
1024 1938 1109 2022 quod

97 2045 182 2104 esset
206 2039 348 2103 officium
369 2039 478 2125 legati,
497 2040 553 2122 qui
571 2036 770 2102 fiduciariam
793 2059 922 2119 operam
940 2036 1110 2122 obtineret,

98 2160 179 2223 quae
201 2137 287 2200 vires
315 2157 400 2222 suae,
427 2158 508 2219 quae
535 2135 686 2199 voluntas
714 2155 790 2218 erga
812 2132 980 2198 Caesarem
1006 2134 1108 2198 totius

96 2234 288 2319 provinciae.
333 2232 422 2297 Haec
449 2233 597 2298 omnibus
624 2232 748 2295 ferebat
775 2233 976 2296 sermonibus
1005 2251 1142 2316 nequea

97 2355 130 2397 se
153 2333 189 2395 in
212 2329 311 2393 ullam
333 2333 458 2414 partem
479 2329 636 2393 movebat.
677 2328 793 2393 Postea
815 2351 890 2393 vero
914 2351 1011 2413 quam
1033 2327 1108 2393 Cae·
1126 2339 1143 2385 4

96 2452 203 2496 sarem
232 2427 272 2491 ad
298 2427 476 2491 Massiliam
502 2426 637 2490 detineri
664 2426 829 2512 cognovit,
861 2428 969 2510 copias
1002 2425 1109 2490 Petrei

96 2549 170 2591 eum
196 2524 338 2588 exercitu
364 2523 492 2587 Afranii
519 2545 587 2587 esse
615 2524 815 2609 coniunctas,
841 2545 958 2609 magna
990 2524 1108 2587 auxilia

96 2621 293 2706 convenisse,
314 2640 431 2704 magna
454 2642 522 2683 esse
545 2621 580 2683 in
603 2643 658 2703 spe
685 2625 781 2704 atque
809 2623 1046 2705 exspectatione
1076 2625 1108 2684 et

97 2720 278 2786 consentire
292 2740 419 2782 omnem
432 2718 612 2782 citeriorem
625 2719 831 2805 provinciam,
841 2741 985 2803 quaeque
996 2723 1108 2802 postea

97 2818 291 2900 acciderant,
321 2816 359 2878 de
387 2815 546 2898 angustiis
575 2815 614 2878 ad
641 2815 778 2880 Ilerdam
804 2818 850 2881 rei
882 2817 1107 2881 frumentariae

96 2914 232 2999 accepit,
264 2916 360 2995 atque
391 2911 479 2984 haec,
500 2912 540 2974 ad
575 2934 648 2976 eum
684 2913 799 2977 elatius
835 2919 931 2997 atque
962 2913 1106 2977 inflatius

96 3011 250 3075 Afranius
273 3008 501 3094 perscribebat,
523 3031 556 3073 se
580 3032 708 3094 quoque
737 3012 777 3074 ad
798 3017 924 3075 motum
947 3009 1106 3074 Fortunae

96 3129 224 3173 movere
247 3107 359 3190 coepit.

162 3203 283 3268 XVIII.
319 3202 481 3267 Dilectum
503 3202 617 3268 habuit
640 3210 711 3269 tota
733 3205 905 3289 provincia,
924 3204 1105 3287 legionibus
1126 3219 1139 3265 1

95 3301 265 3384 completis
288 3300 411 3364 duabus
435 3299 583 3364 cohortes
606 3302 732 3366 circiter
750 3319 823 3363 xxx
841 3300 956 3362 alarias
977 3300 1105 3364 addidit.

95 3397 264 3462 Frumenti
290 3419 441 3481 magnum
467 3419 636 3461 numerum
664 3399 782 3483 coegit,
814 3397 899 3480 quod
929 3394 1106 3460 Massilien-

96 3495 197 3580 sibus,
219 3495 297 3557 item
320 3495 405 3576 quod
428 3493 562 3559 Afranio
585 3494 774 3578 Petreioque
803 3494 953 3556 mitteret.
999 3490 1105 3558 Nares

95 3591 210 3675 longas
237 3611 262 3657 x
290 3588 456 3654 Gaditanis
485 3596 521 3654 ut
548 3593 687 3657 facerent
715 3590 896 3675 imperavit,
927 3592 1106 3673 complures
