2584 4075
198 227 239 291 76
547 230 595 284 DE
615 230 732 284 BELLO
753 229 862 285 ClVlLl

196 371 448 459 circumsistens,
475 378 512 437 ut
539 374 617 458 fuga
644 376 782 439 salutem
808 379 898 459 petat
926 380 1023 459 atque
1050 376 1087 438 in
1109 378 1215 438 castra

162 483 178 529 4
197 471 378 555 contendat,
401 475 434 534 et
457 492 491 533 se
514 470 555 534 ab
574 491 612 535 eo
630 493 698 535 non
716 472 931 535 discessurum
949 472 1130 555 pollicetur.
1171 469 1215 533 At

197 561 296 629 Curio
324 588 501 650 numquam
529 589 562 631 se
591 568 709 632 amisso
737 568 888 653 exercitu,
912 591 1006 652 quem
1036 591 1055 631 a
1078 566 1215 632 Caesare

195 683 271 727 saue
299 664 375 727 fidei
403 664 609 728 commissum
637 666 807 749 acceperit,
838 665 874 728 in
905 665 974 728 eius
1006 670 1215 748 conspectum

195 782 398 825 reversurum
421 762 590 825 confirmat
622 767 719 846 atque
746 763 793 825 ita
819 763 981 846 proelians
1000 763 1214 826 interficitur.

161 872 176 919 5
195 856 333 941 Equites
355 880 395 922 ex
418 859 541 942 proelio
564 860 715 942 perpauci
739 881 773 923 se
795 861 969 945 recipiunt3
997 861 1051 924 sed
1075 861 1109 945 ii,
1133 882 1215 944 quos

196 955 235 1017 ad
266 956 478 1020 novissimum
509 977 625 1041 agmen
657 978 813 1040 equorum
846 957 1091 1021 reficiendorum
1119 979 1217 1022 causa

196 1051 381 1116 substitisse
414 1054 669 1117 demonstratum
701 1058 767 1137 est,
797 1053 875 1137 fuga
913 1054 1017 1116 totius
1054 1055 1215 1117 exercitus

194 1150 307 1232 procul
330 1150 549 1214 animadversa
568 1172 636 1214 sese
655 1150 832 1214 incolumes
850 1150 886 1213 in
904 1154 1010 1215 castra
1035 1151 1214 1215 conferunt.

195 1245 317 1310 Milites
341 1248 380 1310 ad
403 1270 503 1311 unum
528 1269 637 1311 omnes
663 1246 909 1311 interficiuntur.

164 1362 172 1404 ι
262 1343 443 1407 ΧΧΧΧΙΠ.
480 1343 541 1407 His
564 1345 661 1408 rebus
686 1344 824 1429 cognitis
839 1343 979 1406 Marcius
993 1342 1100 1407 Rufus
1121 1365 1214 1425 quae-

196 1443 264 1504 stor
286 1442 457 1506 incastris
481 1441 611 1505 relictus
635 1465 654 1505 a
678 1439 817 1507 Curione
845 1441 1035 1505 cohortatur
1065 1463 1152 1527 suos,
1173 1464 1215 1506 ne

195 1536 302 1601 animo
327 1538 482 1602 deficiant.
528 1537 582 1601 Illi
606 1543 700 1602 orant
723 1544 819 1623 atque
843 1538 1023 1622 obsecrant,
1047 1542 1086 1601 ut
1108 1538 1144 1602 in
1167 1536 1213 1603 Si-

195 1634 301 1699 ciliam
336 1636 473 1700 navibus
505 1639 719 1719 reportentur.
774 1635 950 1700 Pollieetur
981 1636 1213 1719 magistrisque

195 1732 332 1816 imperat
358 1735 499 1817 navium,
525 1737 562 1796 ut
589 1733 694 1816 primo
717 1753 849 1816 vespere
872 1754 982 1797 omnes
1013 1733 1149 1816 scaphas
1173 1733 1213 1796 ad

161 1844 176 1889 2
194 1829 274 1893 litus
289 1831 439 1914 adpulsas
456 1829 605 1893 habeant.
642 1827 705 1892 Sed
722 1834 834 1893 tantus
853 1829 916 1892 fuit
935 1830 1080 1893 omnium
1098 1834 1214 1914 terror,

195 1930 232 1989 ut
255 1929 310 1991 alii
334 1928 443 1992 adesse
466 1928 574 2010 copias
597 1925 696 1990 Iubae
720 1926 869 2010 dicerent,
897 1926 952 1990 alii
983 1947 1055 2011 cum
1079 1926 1211 2011 legioni-

195 2023 256 2088 bus
287 2025 409 2089 instare
441 2023 564 2089 Varum
595 2025 723 2108 iamque
757 2046 790 2088 se
821 2023 984 2107 pulverem
1012 2024 1212 2089 venientium

195 2141 337 2208 cernere,
369 2145 504 2206 quarum
536 2144 643 2185 rerum
674 2121 756 2184 nihil
788 2121 918 2185 omnino
952 2121 1125 2206 acciderat,
1156 2122 1211 2185 alii

196 2217 329 2281 classem
355 2218 500 2282 hostium
532 2218 676 2281 celeriter
709 2218 930 2282 advolaturam
962 2218 1210 2300 suspicarentur.

195 2314 309 2397 Itaque
325 2315 520 2399 perterritis
554 2315 702 2378 omnibus
740 2314 803 2378 sibi
840 2315 976 2398 quisque
1012 2315 1209 2379 consulebat.

160 2435 176 2479 3
196 2409 258 2487 Qui
275 2413 310 2474 in
328 2412 428 2475 classe
443 2416 543 2496 erant,
556 2412 716 2495 proficisci
730 2411 954 2495 properabant.
991 2411 1121 2476 Horum
1134 2414 1212 2498 fuga

194 2509 325 2573 navium
349 2509 567 2572 onerariarum
589 2509 763 2593 magistros
785 2509 955 2592 incitabat3
983 2510 1078 2592 pauci
1101 2510 1210 2600 lenun-

58 2593 65 2604 ’
160 2629 176 2675 4
195 2606 259 2671 culi
283 2606 323 2669 ad
345 2605 486 2670 officium
508 2606 742 2690 imperiumque
761 2605 1000 2670 conveniebant.
1037 2603 1101 2670 Sed
1120 2611 1212 2671 tauta

194 2708 262 2768 erat
285 2703 452 2787 completis
476 2703 626 2767 litoribus
656 2704 829 2788 contentio,
857 2703 913 2785 qui
936 2703 1144 2786 potissimum
1172 2727 1209 2768 ex

193 2822 310 2886 magno
342 2822 475 2864 numero
507 2801 767 2886 conscenderent,
799 2806 836 2865 ut
872 2802 1081 2866 multitudine
1114 2808 1210 2888 atque

103 2887 106 2894 ¹
194 2922 288 2964 onere
310 2898 458 2962 nonnulli
481 2897 743 2984 deprimerentur,
765 2900 882 2983 reliqui
904 2900 966 2964 hoc
992 2900 1111 2964 timore
1139 2922 1210 2984 pro

194 2998 267 3081 pius
290 2997 378 3060 adire
401 2995 612 3059 tardarentur.

159 3119 172 3162 1
260 3091 455 3157 XXXXIIII.
493 3089 617 3167 Quibus
640 3092 736 3155 rebus
761 3093 886 3177 accidit,
907 3097 945 3156 ut
967 3092 1062 3176 pauci
1089 3093 1209 3157 milites

192 3196 363 3275 patresque
394 3190 548 3272 familiae,
580 3189 636 3272 qui
669 3194 724 3252 aut
761 3191 866 3274 gratia
902 3195 958 3254 aut
990 3190 1211 3255 misericordia

192 3289 333 3351 valerent
357 3290 413 3349 aut
436 3288 479 3350 ud
499 3307 596 3349 naves
616 3286 733 3349 adnare
762 3291 903 3372 possent,
930 3288 1051 3371 recepti
1074 3287 1110 3352 in
1133 3286 1209 3352 Sici·

191 3384 269 3447 liam
300 3384 475 3447 incolumes
507 3384 717 3466 pervenirent.
773 3382 929 3468 Reliquae
962 3384 1072 3467 copiae
1100 3385 1209 3448 missis

193 3479 233 3540 ad
255 3477 377 3541 Varum
399 3483 497 3543 noctu
520 3479 702 3561 legatorum
724 3502 857 3544 numero
877 3480 1121 3545 centurionibus
1141 3503 1210 3545 sese

158 3572 222 3633 aei
245 3573 440 3636 dediderunt.
487 3573 630 3648 Quorum
653 3575 802 3639 cohortes
830 3577 972 3641 militum
999 3582 1131 3660 postero
1160 3579 1209 3642 die
