2584 4075
364 236 476 293 couu.
495 236 543 289 nr.
581 236 658 291 cre.
679 237 831 292 cr-cnu.
1042 222 1103 301 137

87 379 298 466 discederent,
325 385 438 444 contra
464 381 666 445 voluntatem
694 404 786 447 suam
808 405 905 447 naves
937 384 1105 447 solverant.

86 477 223 560 Iamque
246 477 283 540 de
298 475 443 542 Caesaris
468 478 607 542 adventu
629 480 715 542 fama
739 481 777 544 ad
801 501 853 545 eas
871 480 1019 544 civitates
1037 502 1105 564 per·
1124 497 1140 544 8
1222 496 1227 506 ·

85 574 262 639 ferebatur.

158 667 242 734 CIII.
280 669 403 745 Quibus
426 671 564 755 cognitis
587 674 684 738 rebus
698 672 870 758 Pompeius
889 676 1035 759 deposito
1055 676 1105 739 ad·
1125 682 1149 738 1'

86 768 212 831 eundae
235 764 345 849 Syriae
369 768 502 832 consilio
527 772 665 850 pecunia
694 794 715 835 a
743 772 950 837 societatibus
979 773 1105 837 sublata

86 869 121 929 et
145 888 165 928 a
190 864 381 948 quibusdam
402 865 538 950 privatis
563 872 692 951 sumpta
715 874 747 933 et
778 870 859 933 aeris
887 891 1005 955 magno
1028 892 1105 952 pon-

85 963 162 1026 dere
187 962 228 1024 ad
245 962 417 1026 militarem
439 985 534 1026 usum
557 964 592 1027 in
614 986 712 1028 naves
735 967 888 1049 imposito
917 967 1105 1050 duobusque

83 1059 222 1125 milibus
244 1060 411 1124 hominum
435 1062 579 1146 armatis,
602 1062 722 1145 partim
746 1085 826 1146 quos
846 1085 884 1126 ex
902 1064 1032 1127 familiis
1056 1086 1105 1127 so·

84 1158 244 1221 cietatum
270 1156 439 1242 delegerat,
467 1158 586 1241 partim
615 1181 633 1222 a
660 1161 917 1245 negotiatoribus
949 1165 1105 1247 coegerat,

85 1276 172 1339 quos
192 1275 231 1316 ex
250 1254 317 1318 suis
337 1255 472 1338 quisque
492 1256 531 1318 ad
548 1255 632 1320 hanc
650 1280 718 1321 rem
735 1259 867 1323 idoneos
890 1258 1104 1343 existimabat,

83 1351 253 1416 Pelusium
276 1353 428 1435 pervenit.
466 1353 517 1416 lbi
541 1375 616 1418 casu
635 1377 692 1418 rex
710 1361 779 1419 erat
792 1353 1007 1441 Ptolomaeus,
1025 1378 1104 1439 puer
1122 1371 1138 1418 a

85 1453 211 1535 aetate,
232 1450 358 1533 magnis
392 1451 492 1533 copiis
524 1473 597 1514 cum
630 1473 739 1517 sorore
778 1451 948 1536 Cleopatra
984 1452 1104 1516 bellum

85 1568 215 1633 gerens,
238 1569 335 1629 quarn
361 1549 473 1630 paucis
502 1552 575 1611 ante
602 1550 766 1613 mensibus
793 1572 850 1633 per
878 1572 953 1614 suos
976 1551 1104 1633 propin·

85 1666 171 1729 quos
196 1647 291 1726 atque
316 1644 434 1707 amicos
458 1665 557 1728 regno
582 1646 761 1730 expulerat,
785 1651 952 1731 castraque
974 1646 1102 1729 Cleopa-

85 1748 157 1806 trae
181 1762 247 1804 non
268 1741 365 1825 longo
390 1741 506 1824 spatio,
525 1736 570 1804 ab'
594 1743 662 1806 eius
692 1743 806 1808 castris
835 1743 1006 1807 distabant.
1051 1743 1137 1808 Aua

85 1861 163 1903 eum
184 1835 354 1920 Pompeius
383 1839 485 1923 misit,
512 1841 548 1900 ut
576 1861 635 1921 pro
664 1839 808 1923 hospitio
837 1846 932 1924 atque
963 1842 1102 1905 amicitia

85 1935 192 2020 patris
215 1934 442 2003 Alexandriam
464 1936 658 2017 reciperetur
685 1940 782 2020 atque
809 1937 897 2001 illius
926 1937 1041 2020 opibus
1067 1939 1103 2003 in

87 2032 271 2098 calamitate
293 2035 465 2118 tegeretur.
504 2029 566 2096 Sed
589 2034 645 2116 qui
670 2033 710 2098 ab
734 2057 772 2100 eo
794 2035 887 2099 missi
909 2040 1009 2121 erant,
1031 2058 1102 2100 con·
1121 2050 1138 2097 4

85 2132 173 2195 fecto
205 2130 377 2214 legationis
412 2130 517 2194 officio
554 2131 689 2196 liberius
721 2154 794 2196 cum
823 2133 982 2197 militibus
1017 2134 1101 2217 regis

86 2227 240 2311 conloqui
271 2231 443 2310 coeperunt
472 2249 590 2311 eosque
617 2227 751 2315 hortari,
773 2234 811 2293 ut
838 2253 932 2294 suum
962 2231 1102 2294 officium

86 2325 242 2408 Pompeio
269 2327 472 2408 praestarent
498 2346 577 2389 neve
610 2324 678 2389 eius
706 2328 870 2391 fortunam
897 2329 1101 2411 despicerent.

86 2423 129 2487 In
149 2423 211 2486 hoc
234 2426 326 2486 erant
348 2443 481 2485 numero
505 2424 685 2506 complures
707 2423 840 2507 Pompei
861 2424 990 2510 milites,
1020 2448 1101 2508 quos
1121 2441 1136 2485 o

89 2519 228 2585 ex'eius
261 2519 402 2582 exercitu
431 2523 577 2603 acceptos
604 2521 640 2583 in
668 2518 761 2604 Syria
784 2518 940 2583 Gabinius
968 2521 1102 2585 Alexan-

89 2619 193 2682 driam
215 2617 403 2680 traduxerat
427 2616 575 2699 belloque
597 2618 741 2681 confecto
764 2618 848 2700 apud
872 2615 1102 2705 Ptolomaeum,

89 2718 215 2801 patrem
236 2713 337 2797 pueri,
358 2712 540 2795 reliquerat.

134 2808 256 2875 oCIlH.
293 2808 354 2872 His
387 2814 458 2873 tum
491 2811 629 2894 cognitis
662 2812 758 2875 rebus
788 2812 882 2875 amici
913 2813 1014 2898 regis,
1046 2815 1132 2896 quil

89 2913 222 2991 propter
245 2911 382 2971 aetatem
404 2907 472 2969 eius
496 2907 531 2969 in
548 2910 775 2991 procuratione
799 2913 889 2972 erant
912 2910 1012 2993 regni,
1035 2912 1101 2974 sive

90 3005 205 3068 timore
228 3003 364 3088 adducti,
381 3007 418 3066 ut
437 3007 549 3086 postea
568 3006 805 3092 praedicabant,
824 3006 997 3069 sollicitato
1016 3029 1102 3070 exer·

90 3102 156 3165 citu
185 3102 289 3185 regio,
320 3122 359 3163 ne
391 3099 562 3182 Pompeius
589 3100 817 3166 Alexandriam
853 3102 1101 3188 Aegyptumque

91 3202 267 3284 occuparet,
291 3199 356 3261 sive
379 3198 527 3279 despecta
547 3199 615 3262 eius
639 3199 778 3283 fortuna,
800 3202 837 3262 ut
860 3199 1047 3283 plerumque
1067 3202 1101 3264 in

90 3295 269 3358 calamitate
296 3316 334 3357 ex
363 3294 471 3358 amicis
502 3294 623 3359 inimici
651 3296 820 3381 exsistunt,
843 3296 894 3382 iis,
922 3296 977 3378 qui
1010 3303 1101 3362 erant

90 3393 129 3456 ab
158 3413 194 3456 eo
218 3391 323 3478 missi,
354 3391 460 3474 palam
493 3392 669 3456 liberaliter
700 3391 933 3476 responderunt
966 3415 1101 3478 eumque

91 3489 129 3553 ad
159 3510 268 3574 regem
300 3488 408 3552 venire
440 3488 615 3574 iusserunt,
647 3490 711 3572 ipsi
742 3490 824 3552 clam
852 3489 985 3554 consilio
1018 3492 1136 3559 initos

89 3585 257 3669 Achillam,
270 3585 466 3669 praefectum
488 3588 622 3672 regium,
646 3586 803 3670 singulari
821 3586 984 3650 hominem
1008 3590 1099 3653 auda-
