2584 4075
203 231 268 294 122
551 232 601 285 DE
619 232 736 286 BELLO
756 232 866 285 (ll-VILI

166 375 294 442 rillum
322 376 388 439 suis
417 377 571 441 auxilium
597 377 681 440 ferre
708 380 844 461 cogeret.
888 375 1004 460 Itaque
1032 378 1232 460 praemissis

201 470 326 536 nuntiis
350 472 389 536 ad
413 471 469 538 Cn.
492 472 673 537 Domitium
697 471 815 537 Caesar
834 473 963 556 scripsit
982 477 1024 559 et,
1048 474 1129 557 quid
1155 474 1231 537 fieri

201 570 308 655 vellet,
331 570 472 637 ostendit
494 570 718 654 praesidioque
748 569 940 653 Apolloniae
967 569 1157 635 cohortium
1181 589 1230 654 IV,

202 666 288 731 Lissi
311 685 338 752 1,
365 685 404 731 111
432 666 519 732 Orici
545 668 658 731 relicto
691 666 811 750 quique
842 670 933 730 erant
962 689 1001 730 ex
1030 668 1228 731 vulneribus

203 765 290 850 aegri
327 765 482 848 depositis
514 788 570 849 per
597 764 735 848 Epirum
767 766 863 845 atque
895 761 1127 826 Athamaniam
1160 762 1228 826 iter

168 862 306 927 efacere
334 862 446 944 coepit.
492 859 664 945 Pompeius
693 883 820 945 quoque
847 861 885 923 de
908 857 1055 923 Caesaris
1083 861 1226 924 consilio

204 960 386 1023 coniectura
418 959 561 1023 iudicans
598 959 638 1023 ad
671 956 853 1041 Scipionem
885 957 1124 1041 properandum
1159 958 1225 1021 sibi

204 1054 419 1141 existimabat,
447 1056 475 1120 si
503 1054 619 1120 Caesar
641 1057 703 1120 iter
724 1055 783 1118 illo
806 1053 950 1138 haberet,
973 1058 1010 1116 ut
1036 1054 1225 1118 subsidium

205 1152 347 1236 Scipioni
369 1154 477 1238 ferret,
500 1154 528 1216 si
551 1153 591 1216 ab
616 1175 673 1218 ora
695 1151 857 1215 maritima
876 1148 1035 1234 Oricoque
1058 1151 1224 1215 discedere

202 1251 313 1335 nollet,
337 1251 423 1333 quod
444 1250 588 1334 legiones
612 1250 854 1333 equitatumque
876 1269 914 1311 ex
936 1246 1034 1312 Italia
1057 1252 1223 1333 exspecta-

204 1349 263 1431 ret,
285 1347 355 1430 ipse
378 1351 414 1411 ut
438 1348 588 1411 omnibus
612 1347 713 1430 copiis
735 1345 916 1410 Domitium
939 1345 1176 1430 adgrederetur.

170 1462 184 1509 1
270 1440 462 1508 LXXVlHI.
499 1443 560 1507 His
583 1443 749 1509 decausis
773 1448 908 1526 uterque
926 1464 1038 1507 eorum
1060 1444 1220 1508 celeritati

206 1539 364 1624 studebat,
387 1542 420 1602 et
448 1539 515 1603 suis
543 1543 581 1603 ut
608 1544 693 1604 esset
716 1539 847 1625 auxilio,
873 1545 902 1603 et
928 1539 968 1602 ad
990 1540 1219 1623 opprimendos

170 1637 402 1702 ‘radversarios
428 1658 469 1700 ne
497 1636 656 1701 occasioni
683 1637 837 1720 temporis
868 1636 1000 1700 deesset.
1052 1635 1117 1700 Sed
1144 1634 1219 1701 Cae

205 1755 308 1799 sarem
330 1733 503 1817 Apollonia
526 1757 545 1797 a
568 1733 694 1797 derecto
717 1735 831 1797 itinere
850 1736 1023 1819 averterat3
1044 1732 1216 1818 Pompeius

205 1853 261 1915 per
275 1829 470 1896 Candaviam
492 1831 554 1895 iter
572 1832 607 1894 in
625 1830 844 1894 Macedoniam
862 1830 1045 1913 expeditum
1067 1831 1215 1895 habebat.

169 1947 185 1993 a
204 1927 348 1992 Accessit
371 1929 468 1991 etiam
491 1948 529 1991 ex
552 1928 728 2009 improviso
753 1927 839 1992 aliud
863 1927 1110 2014 incommodum,
1133 1929 1216 2012 quod

203 2023 366 2090 Domitius
389 2048 458 2090 cam
485 2025 552 2089 dies
576 2025 755 2108 complures
783 2025 897 2089 castris
924 2021 1084 2108 Scipionis
1112 2031 1214 2091 castra

205 2124 331 2186 conlata
352 2122 529 2209 habuisset,
551 2124 598 2186 rei
621 2123 850 2186 frumentariae
873 2143 967 2186 causa
986 2121 1027 2186 ab
1046 2144 1084 2187 eo
1104 2124 1214 2189 disces·

205 2222 289 2282 serat
312 2222 345 2281 et
367 2218 550 2283 Heracliam
574 2217 775 2304 [Senticam],
798 2241 879 2303 quae
902 2223 951 2283 est
975 2219 1120 2285 subiecta
1138 2220 1213 2286 (lan-

205 2314 327 2399 daviae,
358 2315 421 2379 iter
452 2317 585 2401 fecerat,
616 2321 654 2381 ut
685 2320 756 2402 ipsa
787 2315 931 2381 Fortuna
967 2317 1060 2381 illum
1092 2319 1213 2383 obicere

203 2411 355 2494 Pompeio
378 2411 548 2475 videretur.
594 2411 683 2476 Haec
706 2414 745 2477 ad
773 2416 805 2479 id
832 2420 958 2498 tempus
982 2413 1100 2481 Caesar
1127 2418 1212 2503 igno-

169 2510 306 2574 4rabat.
343 2505 447 2572 Simul
469 2506 657 2590 aPompeio
681 2510 799 2574 litteris
822 2532 879 2594 per
902 2532 1012 2575 omnes
1035 2514 1210 2595 provincias

204 2606 413 2688 civitatesque
442 2605 582 2668 dimissis
610 2605 649 2668 de
677 2607 799 2689 proelio
827 2608 867 2671 ad
889 2606 1104 2692 Dyrrachium
1130 2612 1209 2675 facto

204 2705 319 2770 elatius
341 2703 549 2786 inflatiusque
571 2704 685 2789 multo,
709 2725 805 2786 quam
832 2726 883 2768 res
911 2710 979 2769 erat
1009 2710 1110 2792 gesta,
1131 2708 1209 2771 fama

204 2802 443 2888 percrebruerat
466 2800 596 2884 pulsum
618 2800 729 2885 fugere
754 2798 921 2865 Caesarem
943 2824 1045 2885 paene
1066 2806 1207 2869 omnibus

204 2902 305 2985 copiis
333 2898 468 2965 amissis.
518 2896 606 2962 Haec
632 2897 750 2961 itinera
777 2898 894 2962 infesta
920 2899 1111 2986 reddiderat,
1137 2901 1207 2966 haec

169 3011 185 3062 o
204 3000 349 3063 civitates
372 2993 545 3060 nonnullas
569 2994 609 3057 ab
634 2995 702 3058 eius
727 2996 867 3059 amicitia
886 2997 1059 3062 avertebat.
1093 2997 1205 3074 Quibus

204 3095 318 3161 accidit
340 3093 446 3178 rebus,
468 3095 505 3155 ut
528 3091 676 3174 pluribus
700 3091 823 3157 dimissi
846 3093 1016 3158 itineribus
1040 3117 1059 3159 a
1079 3094 1205 3162 Caesare

89 3221 94 3228 ·
203 3192 242 3256 ad
264 3190 444 3255 Domitium
467 3194 498 3254 et
523 3215 541 3254 a
562 3188 707 3254 Domitio
731 3190 772 3253 ad
794 3187 961 3253 Caesarem
978 3191 1068 3254 nulla
1090 3193 1204 3257 ratione

168 3302 183 3348 o
202 3290 264 3353 iter
288 3287 440 3351 conficere
463 3289 603 3370 possent.
651 3284 712 3350 Sed
728 3286 932 3372 Allobroges,
954 3286 1095 3352 Roucilli
1118 3296 1203 3375 atque

202 3386 267 3470 Egi
288 3383 473 3469 familiares,
496 3405 577 3467 quos
600 3384 780 3469 perfugisse
807 3384 846 3447 ad
873 3382 1061 3466 Pompeium
1089 3385 1202 3451 demon·

203 3482 388 3565 stravimus,
420 3481 595 3564 conspicati
617 3482 654 3544 ia
680 3482 794 3545 itinere
822 3482 1039 3564 exploratores
1069 3480 1201 3566 Domitii,

203 3598 258 3640 seu
281 3577 419 3659 pristina
438 3599 496 3641 sua
514 3578 753 3663 consuetudine,
772 3577 858 3660 quod
876 3600 939 3640 una
958 3577 992 3640 in
1006 3576 1112 3642 Gallia
1128 3578 1199 3642 bella
