2584 4075
182 223 246 287 120
503 223 551 276 DE
571 223 687 277 BELLO
707 224 815 278 CIVLLI

180 366 275 430 modo
298 371 330 429 et
353 387 523 451 aegrorum
544 367 657 431 habita
680 368 805 432 ratione
831 368 1059 451 impedimenta
1085 369 1193 433 omnia

182 464 311 526 silentio
340 463 443 548 prima
469 468 563 528 noete
591 486 629 527 ex
658 464 771 528 6661116
794 465 1001 549 Apolloniam
1027 466 1194 549 praemisit

182 564 214 623 et
253 560 476 643 conquiescere
516 564 591 624 ante
631 561 694 624 iter
735 564 915 627 confectum
955 564 1066 627 vetuit.
1132 561 1194 627 His

147 677 246 723 ‘rum
272 657 357 743 legio
385 659 484 723 missa
516 658 675 741 praesidio
707 664 763 723 est.
809 659 870 723 His
903 660 1063 743 explicitis
1096 661 1193 723 rebus

182 756 260 819 duas
292 755 328 818 in
359 756 472 820 castris
499 756 642 841 legiones
665 755 808 841 retinuit,
840 755 980 839 reliquas
1012 756 1050 820 de
1078 760 1195 839 quarta

181 853 293 938 vigilia
315 853 533 936 compluribus
555 853 660 937 portis
684 853 811 917 eductas
836 852 946 916 eodem
968 852 1083 917 itinere
1106 876 1194 936 prae-

181 950 271 1013 misit
294 971 463 1033 parvoque,
481 950 586 1033 spatio
609 950 803 1034 intermisso,
826 954 863 1012 ut
886 954 918 1012 et
940 949 1081 1014 militare
1103 952 1195 1015 insti-

182 1050 290 1110 tutum
326 1042 508 1110 servaretur
540 1050 572 1110 et
606 1069 702 1130 quam
739 1046 900 1110 serissime
932 1046 1000 1111 eius
1036 1049 1195 1130 profectio

182 1146 437 1228 cognosceretur,
460 1143 650 1208 conclamari
672 1143 768 1207 iussit
791 1143 966 1226 statimque
991 1165 1140 1228 egressus
1164 1150 1196 1208 et

181 1240 393 1304 novissimum
421 1261 535 1324 agmen
563 1244 752 1304 consecutus
780 1240 925 1304 celeriter
951 1261 990 1303 ex
1022 1244 1195 1324 conspeetu

149 1341 364 1401 acastrorum
396 1336 550 1400 discessit.
604 1334 719 1420 Neque
750 1359 824 1401 vero
856 1334 1027 1419 Pompeius
1064 1338 1195 1422 cognito

183 1434 317 1497 consilio
337 1433 405 1496 eius
423 1453 547 1496 moram
565 1433 665 1497 ullam
686 1435 725 1497 ad
747 1434 979 1517 insequendum
996 1435 1118 1520 intulit,
1142 1436 1195 1498 sed

182 1532 256 1595 11666
274 1530 382 1594 eadem
400 1533 562 1615 spectans,
580 1530 608 1594 si
625 1532 662 1594 in
679 1532 794 1595 itinere
811 1531 982 1613 impeditos
1001 1538 1030 1595 et
1047 1533 1195 1615 perterri-

183 1626 481 1712 tosdeprehendere
496 1631 614 1712 posset,
632 1629 807 1692 exercitum
821 1648 838 1689 e
852 1627 966 1690 castris
982 1627 1091 1692 eduxit
1111 1629 1195 1712 equi-

183 1729 352 1809 tatumque
365 1724 530 1808 praemisit
545 1725 585 1787 ad
597 1724 808 1788 novissimum
827 1743 941 1808 agmen
959 1724 1195 1809 demorandum,

184 1843 287 1905 neque
310 1821 462 1904 consequi
484 1820 602 1905 potuit,
629 1820 714 1904 quod
741 1821 881 1885 multum
903 1821 1050 1905 expedito
1081 1824 1195 1887 itinere

149 1916 550 1984 4611666666161066661.”
578 1914 640 1982 Sed
662 1940 734 1983 cum
757 1922 889 1982 rentum
911 1921 996 1982 esset
1019 1918 1059 1981 ad
1077 1918 1195 1983 flumen

185 2014 358 2102 Genusum,
387 2015 473 2099 quod
499 2014 579 2099 ripis
607 2018 675 2079 erat
697 2015 870 2100 impeditis,
898 2020 1086 2080 consecutus
1111 2017 1195 2100 equi-

150 2131 165 2175 6
185 2117 273 2178 tatus
294 2114 487 2177 novissimos
511 2113 633 2200 proelio
658 2112 828 2176 detinebat.
874 2112 960 2177 Huic
983 2135 1058 2177 suos
1079 2111 1196 2177 Caesar

186 2211 309 2294 equites
337 2210 489 2294 opposuit
517 2210 744 2293 expeditosque
774 2211 1002 2293 antesignanos
1026 2210 1195 2274 admiscuit

186 2323 280 2390 6666,
304 2306 359 2390 qui
381 2309 509 2369 tantum
526 2307 739 2391 profecerunt,
757 2312 793 2370 ut
811 2306 953 2390 equestri
967 2307 1090 2389 proelio
1113 2330 1195 2373 com-

184 2404 283 2468 misso
306 2403 461 2487 pellerent
485 2422 594 2465 omnes
617 2405 860 2487 compluresque
881 2404 1098 2467 interficerent
1121 2405 1195 2488 ipsi·

186 2524 247 2586 que
270 2501 444 2564 incolumes
469 2519 502 2561 se
526 2498 565 2562 ad
588 2519 703 2583 agmen
725 2501 909 2583 reciperent.
1164 2515 1216 2564 7

151 2615 164 2659 1
252 2596 395 2663 LXXVI.
438 2594 590 2660 Confecto
622 2596 709 2660 iusto
747 2597 860 2660 itinere
892 2596 960 2660 eius
997 2596 1073 2680 diei,
1111 2598 1195 2680 quod

184 2699 395 2781 proposuerat
408 2692 535 2778 Caesar,
557 2694 767 2777 traductoque
791 2695 930 2757 exercitu
954 2693 1073 2756 flumen
1092 2691 1195 2758 Genu-

185 2817 257 2860 sum
278 2792 440 2857 veteribus
465 2792 532 2855 suis
554 2791 589 2854 in
611 2791 726 2855 castris
749 2794 861 2855 6611116
884 2790 1098 2875 Asparagium
1124 2813 1195 2856 con-

186 2892 267 2956 sedit
294 2889 477 2972 militesque
505 2910 613 2952 omnes
642 2888 729 2951 intra
759 2888 881 2951 vallum
912 2892 1092 2951 castrorum
1124 2910 1194 2953 con-

184 2988 284 3052 tinuit
316 2985 558 3069 equitatumque
590 3007 646 3068 per
678 3006 806 3048 causam
837 2983 1011 3067 pabulandi
1043 2985 1195 3049 emissum

185 3084 353 3150 confestim
376 3083 548 3147 decumana
569 3086 664 3166 porta
686 3083 721 3145 in
743 3087 848 3145 castra
872 3103 905 3144 66
928 3082 1068 3164 recipere
1090 3083 1193 3146 iussit.

152 3179 293 3247 aSimili
315 3180 440 3244 ratione
466 3177 636 3262 Pompeius
665 3178 809 3242 confecto
838 3178 905 3242 eius
934 3178 996 3241 diei
1023 3178 1139 3242 itinere
1160 3180 1222 3242 in·

150 3279 252 3344 361116
275 3276 437 3340 veteribus
465 3275 578 3339 castris
606 3275 645 3339 ad
671 3275 887 3360 Asparagium
917 3275 1067 3339 consedit.
1113 3275 1194 3339 Eius

183 3375 313 3458 milites,
336 3372 422 3456 quod
445 3371 485 3436 ab
510 3393 603 3455 opere
621 3372 756 3457 integris
775 3372 1010 3436 munitionibus
1028 3372 1194 3456 vacabant,

186 3472 241 3533 alii
263 3469 407 3553 lignandi
430 3469 666 3552 pabulandique
689 3491 783 3532 eausa
801 3468 929 3553 lougius
950 3468 1194 3552 progredieban-

184 3569 247 3650 tur,
275 3566 338 3650 alii,
366 3564 451 3648 quod
480 3563 587 3629 subito
615 3566 784 3629 consilium
807 3565 1015 3648 profectionis
1045 3569 1193 3647 ceperant
