<?xml version="1.0" encoding="UTF-8"?>
<!DOCTYPE html PUBLIC "-//W3C//DTD XHTML 1.0 Transitional//EN"
    "http://www.w3.org/TR/xhtml1/DTD/xhtml1-transitional.dtd">
<html xmlns="http://www.w3.org/1999/xhtml" xml:lang="en" lang="en">
 <head>
  <title>
</title>
<meta http-equiv="Content-Type" content="text/html;charset=utf-8" />
  <meta name='ocr-system' content='tesseract 3.04.00' />
  <meta name='ocr-capabilities' content='ocr_page ocr_carea ocr_par ocr_line ocrx_word'/>
</head>
<body>
  <div class='ocr_page' id='page_1' title='image "./ciuliicaesarisc00woelgoog_0187.png"; bbox 0 0 2584 4075; ppageno 0'>
   <div class='ocr_carea' id='block_1_1' title="bbox 269 258 1082 346">
    <p class='ocr_par' dir='ltr' id='par_1_1' title="bbox 269 258 1082 346">
     <span class='ocr_line' id='line_1_1' title="bbox 269 258 1082 346; baseline 0.014 -34"><span class='ocrx_word' id='word_1_1' title='bbox 269 258 382 313; x_wconf 80' lang='lat' dir='ltr'>COMM.</span> <span class='ocrx_word' id='word_1_2' title='bbox 402 259 448 313; x_wconf 89' lang='lat' dir='ltr'>III.</span> <span class='ocrx_word' id='word_1_3' title='bbox 488 258 564 312; x_wconf 83' lang='lat' dir='ltr'>CAP.</span> <span class='ocrx_word' id='word_1_4' title='bbox 583 259 879 312; x_wconf 87' lang='lat' dir='ltr'>LXXX-LXXXIIII.</span> <span class='ocrx_word' id='word_1_5' title='bbox 953 332 962 346; x_wconf 44' lang='lat'>,</span> <span class='ocrx_word' id='word_1_6' title='bbox 1019 258 1082 322; x_wconf 75' lang='grc'>125</span> 
     </span>
    </p>
   </div>
   <div class='ocr_carea' id='block_1_2' title="bbox 63 402 1082 973">
    <p class='ocr_par' dir='ltr' id='par_1_2' title="bbox 63 402 1082 973">
     <span class='ocr_line' id='line_1_2' title="bbox 63 402 1082 490; baseline -0.004 -22"><span class='ocrx_word' id='word_1_7' title='bbox 63 405 92 468; x_wconf 91' lang='lat' dir='ltr'>is</span> <span class='ocrx_word' id='word_1_8' title='bbox 117 427 136 467; x_wconf 94' lang='lat' dir='ltr'>a</span> <span class='ocrx_word' id='word_1_9' title='bbox 159 403 313 487; x_wconf 89' lang='lat' dir='ltr'>Pompeio</span> <span class='ocrx_word' id='word_1_10' title='bbox 337 404 382 466; x_wconf 88' lang='lat' dir='ltr'>ad</span> <span class='ocrx_word' id='word_1_11' title='bbox 397 402 535 467; x_wconf 86' lang='lat' dir='ltr'>Parthos</span> <span class='ocrx_word' id='word_1_12' title='bbox 558 403 677 467; x_wconf 91' lang='lat' dir='ltr'>missus</span> <span class='ocrx_word' id='word_1_13' title='bbox 696 407 790 490; x_wconf 89' lang='lat' dir='ltr'>esset,</span> <span class='ocrx_word' id='word_1_14' title='bbox 808 402 964 487; x_wconf 87' lang='lat' dir='ltr'>proximis</span> <span class='ocrx_word' id='word_1_15' title='bbox 987 402 1082 467; x_wconf 89' lang='lat' dir='ltr'>comi·</span> 
     </span>
     <span class='ocr_line' id='line_1_3' title="bbox 64 500 1082 586; baseline -0.002 -23"><span class='ocrx_word' id='word_1_16' title='bbox 64 501 121 564; x_wconf 86' lang='lat' dir='ltr'>tiis</span> <span class='ocrx_word' id='word_1_17' title='bbox 145 501 317 583; x_wconf 89' lang='lat' dir='ltr'>praetoriis</span> <span class='ocrx_word' id='word_1_18' title='bbox 341 501 484 565; x_wconf 85' lang='lat' dir='ltr'>absentis</span> <span class='ocrx_word' id='word_1_19' title='bbox 507 501 665 565; x_wconf 88' lang='lat' dir='ltr'>rationem</span> <span class='ocrx_word' id='word_1_20' title='bbox 693 500 815 586; x_wconf 88' lang='lat' dir='ltr'>haberi,</span> <span class='ocrx_word' id='word_1_21' title='bbox 844 522 916 565; x_wconf 90' lang='lat' dir='ltr'>cum</span> <span class='ocrx_word' id='word_1_22' title='bbox 938 501 1006 563; x_wconf 90' lang='lat' dir='ltr'>eius</span> <span class='ocrx_word' id='word_1_23' title='bbox 1028 520 1082 562; x_wconf 90' lang='lat' dir='ltr'>ne-</span> 
     </span>
     <span class='ocr_line' id='line_1_4' title="bbox 64 595 1082 683; baseline -0.001 -23"><span class='ocrx_word' id='word_1_24' title='bbox 64 595 199 660; x_wconf 89' lang='lat' dir='ltr'>cessarii</span> <span class='ocrx_word' id='word_1_25' title='bbox 229 595 323 658; x_wconf 89' lang='lat' dir='ltr'>fidem</span> <span class='ocrx_word' id='word_1_26' title='bbox 355 595 564 678; x_wconf 76' lang='lat' dir='ltr'>implorarent</span> <span class='ocrx_word' id='word_1_27' title='bbox 595 596 745 683; x_wconf 79' lang='lat' dir='ltr'><strong>Pompei,</strong></span> <span class='ocrx_word' id='word_1_28' title='bbox 772 601 964 683; x_wconf 71' lang='lat' dir='ltr'>praestaret,</span> <span class='ocrx_word' id='word_1_29' title='bbox 997 597 1082 680; x_wconf 90' lang='lat' dir='ltr'>quod</span> 
     </span>
     <span class='ocr_line' id='line_1_5' title="bbox 64 693 1081 779; baseline -0.002 -22"><span class='ocrx_word' id='word_1_30' title='bbox 64 693 283 778; x_wconf 88' lang='lat' dir='ltr'>proficiscenti</span> <span class='ocrx_word' id='word_1_31' title='bbox 315 694 495 779; x_wconf 90' lang='lat' dir='ltr'>recepisset,</span> <span class='ocrx_word' id='word_1_32' title='bbox 526 716 566 758; x_wconf 90' lang='lat' dir='ltr'>ne</span> <span class='ocrx_word' id='word_1_33' title='bbox 592 716 651 777; x_wconf 91' lang='lat' dir='ltr'>per</span> <span class='ocrx_word' id='word_1_34' title='bbox 678 695 747 758; x_wconf 89' lang='lat' dir='ltr'>eius</span> <span class='ocrx_word' id='word_1_35' title='bbox 776 695 1002 759; x_wconf 87' lang='lat' dir='ltr'>auctoritatem</span> <span class='ocrx_word' id='word_1_36' title='bbox 1031 693 1081 756; x_wconf 86' lang='lat' dir='ltr'>de-</span> 
     </span>
     <span class='ocr_line' id='line_1_6' title="bbox 64 786 1080 877; baseline -0.002 -22"><span class='ocrx_word' id='word_1_37' title='bbox 64 793 179 874; x_wconf 88' lang='lat' dir='ltr'>ceptus</span> <span class='ocrx_word' id='word_1_38' title='bbox 202 789 372 875; x_wconf 88' lang='lat' dir='ltr'>videretur,</span> <span class='ocrx_word' id='word_1_39' title='bbox 394 790 519 877; x_wconf 81' lang='lat' dir='ltr'>reliqui,</span> <span class='ocrx_word' id='word_1_40' title='bbox 541 792 576 855; x_wconf 89' lang='lat' dir='ltr'>in</span> <span class='ocrx_word' id='word_1_41' title='bbox 598 792 709 856; x_wconf 89' lang='lat' dir='ltr'>labore</span> <span class='ocrx_word' id='word_1_42' title='bbox 727 792 798 874; x_wconf 88' lang='lat' dir='ltr'>pari</span> <span class='ocrx_word' id='word_1_43' title='bbox 821 814 858 856; x_wconf 90' lang='lat' dir='ltr'>ac</span> <span class='ocrx_word' id='word_1_44' title='bbox 876 786 1018 875; x_wconf 85' lang='lat' dir='ltr'>peric‘ulo</span> <span class='ocrx_word' id='word_1_45' title='bbox 1040 811 1080 854; x_wconf 92' lang='lat' dir='ltr'>ne</span> 
     </span>
     <span class='ocr_line' id='line_1_7' title="bbox 65 887 731 973; baseline 0.002 -22"><span class='ocrx_word' id='word_1_46' title='bbox 65 908 150 951; x_wconf 93' lang='lat' dir='ltr'>unus</span> <span class='ocrx_word' id='word_1_47' title='bbox 176 908 284 952; x_wconf 88' lang='lat' dir='ltr'>onmes</span> <span class='ocrx_word' id='word_1_48' title='bbox 309 887 516 973; x_wconf 78' lang='lat' dir='ltr'>antecederet,</span> <span class='ocrx_word' id='word_1_49' title='bbox 539 894 731 953; x_wconf 80' lang='lat' dir='ltr'>recusarent.</span> 
     </span>
    </p>
   </div>
   <div class='ocr_carea' id='block_1_3' title="bbox 134 982 1114 1076">
    <p class='ocr_par' dir='ltr' id='par_1_3' title="bbox 134 982 1114 1076">
     <span class='ocr_line' id='line_1_8' title="bbox 134 982 1114 1076; baseline -0.001 -29"><span class='ocrx_word' id='word_1_50' title='bbox 134 982 310 1048; x_wconf 88' lang='lat' dir='ltr'>LXXXIII.</span> <span class='ocrx_word' id='word_1_51' title='bbox 346 983 415 1048; x_wconf 91' lang='lat' dir='ltr'>Iam</span> <span class='ocrx_word' id='word_1_52' title='bbox 447 985 485 1048; x_wconf 90' lang='lat' dir='ltr'>de</span> <span class='ocrx_word' id='word_1_53' title='bbox 522 986 699 1050; x_wconf 89' lang='lat' dir='ltr'>sacerdotio</span> <span class='ocrx_word' id='word_1_54' title='bbox 733 984 879 1076; x_wconf 78' lang='lat' dir='ltr'>Caesaris</span> <span class='ocrx_word' id='word_1_55' title='bbox 909 984 1114 1067; x_wconf 90' lang='lat' dir='ltr'>Domitius,1</span> 
     </span>
    </p>
   </div>
   <div class='ocr_carea' id='block_1_4' title="bbox 38 1078 1117 3693">
    <p class='ocr_par' dir='ltr' id='par_1_4' title="bbox 38 1078 1116 2919">
     <span class='ocr_line' id='line_1_9' title="bbox 65 1078 1081 1165; baseline -0.003 -20"><span class='ocrx_word' id='word_1_56' title='bbox 65 1081 176 1165; x_wconf 86' lang='lat' dir='ltr'>Scipio</span> <span class='ocrx_word' id='word_1_57' title='bbox 200 1078 415 1165; x_wconf 82' lang='lat' dir='ltr'>Spintherque</span> <span class='ocrx_word' id='word_1_58' title='bbox 437 1080 593 1147; x_wconf 84' lang='lat' dir='ltr'>Lentulus</span> <span class='ocrx_word' id='word_1_59' title='bbox 621 1083 790 1148; x_wconf 81' lang='lat' dir='ltr'>cotidianis</span> <span class='ocrx_word' id='word_1_60' title='bbox 821 1081 1081 1148; x_wconf 83' lang='lat' dir='ltr'>contentionibus</span> 
     </span>
     <span class='ocr_line' id='line_1_10' title="bbox 38 1179 1081 1265; baseline -0.002 -22"><span class='ocrx_word' id='word_1_61' title='bbox 38 1181 107 1243; x_wconf 80' lang='lat' dir='ltr'>‘ad</span> <span class='ocrx_word' id='word_1_62' title='bbox 140 1179 347 1264; x_wconf 85' lang='lat' dir='ltr'>gravissimas</span> <span class='ocrx_word' id='word_1_63' title='bbox 375 1179 547 1243; x_wconf 79' lang='lat' dir='ltr'>verborum</span> <span class='ocrx_word' id='word_1_64' title='bbox 578 1181 788 1245; x_wconf 80' lang='lat' dir='ltr'>contumelias</span> <span class='ocrx_word' id='word_1_65' title='bbox 819 1181 926 1265; x_wconf 91' lang='lat' dir='ltr'>palam</span> <span class='ocrx_word' id='word_1_66' title='bbox 957 1179 1081 1242; x_wconf 90' lang='lat' dir='ltr'>descen-</span> 
     </span>
     <span class='ocr_line' id='line_1_11' title="bbox 65 1274 1080 1362; baseline -0.001 -22"><span class='ocrx_word' id='word_1_67' title='bbox 65 1278 194 1362; x_wconf 89' lang='lat' dir='ltr'>derunt,</span> <span class='ocrx_word' id='word_1_68' title='bbox 216 1298 288 1340; x_wconf 88' lang='lat' dir='ltr'>cum</span> <span class='ocrx_word' id='word_1_69' title='bbox 310 1275 466 1341; x_wconf 87' lang='lat' dir='ltr'>Lentulus</span> <span class='ocrx_word' id='word_1_70' title='bbox 489 1278 604 1342; x_wconf 89' lang='lat' dir='ltr'>aetatis</span> <span class='ocrx_word' id='word_1_71' title='bbox 626 1279 783 1342; x_wconf 87' lang='lat' dir='ltr'>honorem</span> <span class='ocrx_word' id='word_1_72' title='bbox 808 1280 996 1362; x_wconf 86' lang='lat' dir='ltr'>ostentaret,</span> <span class='ocrx_word' id='word_1_73' title='bbox 1018 1274 1080 1339; x_wconf 91' lang='lat' dir='ltr'>Do-</span> 
     </span>
     <span class='ocr_line' id='line_1_12' title="bbox 66 1372 1113 1460; baseline -0.002 -22"><span class='ocrx_word' id='word_1_74' title='bbox 66 1373 180 1438; x_wconf 78' lang='lat' dir='ltr'>mItius</span> <span class='ocrx_word' id='word_1_75' title='bbox 203 1372 359 1437; x_wconf 89' lang='lat' dir='ltr'>urbanam</span> <span class='ocrx_word' id='word_1_76' title='bbox 381 1374 520 1458; x_wconf 85' lang='lat' dir='ltr'>gratiam</span> <span class='ocrx_word' id='word_1_77' title='bbox 542 1375 797 1460; x_wconf 79' lang='lat' dir='ltr'>dignitatemque</span> <span class='ocrx_word' id='word_1_78' title='bbox 815 1376 959 1460; x_wconf 90' lang='lat' dir='ltr'>iactaret,</span> <span class='ocrx_word' id='word_1_79' title='bbox 973 1372 1079 1456; x_wconf 81' lang='lat' dir='ltr'>Scipio</span> <span class='ocrx_word' id='word_1_80' title='bbox 1110 1409 1113 1415; x_wconf 85' lang='lat'>.</span> 
     </span>
     <span class='ocr_line' id='line_1_13' title="bbox 67 1469 1115 1553; baseline 0.003 -18"><span class='ocrx_word' id='word_1_81' title='bbox 67 1470 235 1535; x_wconf 79' lang='lat' dir='ltr'>adfinitate</span> <span class='ocrx_word' id='word_1_82' title='bbox 248 1469 380 1553; x_wconf 90' lang='lat' dir='ltr'>Pompei</span> <span class='ocrx_word' id='word_1_83' title='bbox 402 1472 582 1536; x_wconf 89' lang='lat' dir='ltr'>confideret.</span> <span class='ocrx_word' id='word_1_84' title='bbox 618 1471 801 1537; x_wconf 81' lang='lat' dir='ltr'>Postulavit</span> <span class='ocrx_word' id='word_1_85' title='bbox 824 1474 922 1537; x_wconf 89' lang='lat' dir='ltr'>etiam</span> <span class='ocrx_word' id='word_1_86' title='bbox 939 1471 973 1537; x_wconf 88' lang='lat' dir='ltr'>L.</span> <span class='ocrx_word' id='word_1_87' title='bbox 989 1470 1080 1534; x_wconf 82' lang='lat' dir='ltr'>Afra·</span> <span class='ocrx_word' id='word_1_88' title='bbox 1100 1492 1115 1538; x_wconf 81' lang='lat'><strong>2</strong></span> 
     </span>
     <span class='ocr_line' id='line_1_14' title="bbox 67 1567 1080 1653; baseline 0 -22"><span class='ocrx_word' id='word_1_89' title='bbox 67 1568 158 1631; x_wconf 91' lang='lat' dir='ltr'>nium</span> <span class='ocrx_word' id='word_1_90' title='bbox 180 1567 373 1651; x_wconf 88' lang='lat' dir='ltr'>proditionis</span> <span class='ocrx_word' id='word_1_91' title='bbox 401 1569 558 1633; x_wconf 84' lang='lat' dir='ltr'>exercitus</span> <span class='ocrx_word' id='word_1_92' title='bbox 586 1569 723 1633; x_wconf 89' lang='lat' dir='ltr'>Acutius</span> <span class='ocrx_word' id='word_1_93' title='bbox 746 1569 851 1634; x_wconf 80' lang='lat' dir='ltr'>Rufus</span> <span class='ocrx_word' id='word_1_94' title='bbox 879 1569 963 1653; x_wconf 93' lang='lat' dir='ltr'>apud</span> <span class='ocrx_word' id='word_1_95' title='bbox 988 1567 1080 1631; x_wconf 90' lang='lat' dir='ltr'>Pom-</span> 
     </span>
     <span class='ocr_line' id='line_1_15' title="bbox 67 1662 1115 1750; baseline 0.005 -23"><span class='ocrx_word' id='word_1_96' title='bbox 67 1666 185 1750; x_wconf 91' lang='lat' dir='ltr'>peium,</span> <span class='ocrx_word' id='word_1_97' title='bbox 209 1664 295 1748; x_wconf 89' lang='lat' dir='ltr'>quod</span> <span class='ocrx_word' id='word_1_98' title='bbox 317 1668 443 1749; x_wconf 83' lang='lat' dir='ltr'>gestum</span> <span class='ocrx_word' id='word_1_99' title='bbox 474 1666 509 1728; x_wconf 89' lang='lat' dir='ltr'>in</span> <span class='ocrx_word' id='word_1_100' title='bbox 534 1665 693 1749; x_wconf 86' lang='lat' dir='ltr'>Hispania</span> <span class='ocrx_word' id='word_1_101' title='bbox 716 1667 841 1730; x_wconf 88' lang='lat' dir='ltr'>diceret.</span> <span class='ocrx_word' id='word_1_102' title='bbox 887 1666 932 1729; x_wconf 84' lang='lat' dir='ltr'>Et</span> <span class='ocrx_word' id='word_1_103' title='bbox 960 1663 994 1727; x_wconf 89' lang='lat' dir='ltr'>L.</span> <span class='ocrx_word' id='word_1_104' title='bbox 1017 1662 1115 1732; x_wconf 79' lang='lat' dir='ltr'>Dos</span> 
     </span>
     <span class='ocr_line' id='line_1_16' title="bbox 67 1761 1080 1846; baseline -0.004 -19"><span class='ocrx_word' id='word_1_105' title='bbox 67 1763 179 1827; x_wconf 88' lang='lat' dir='ltr'>mitius</span> <span class='ocrx_word' id='word_1_106' title='bbox 212 1761 248 1824; x_wconf 93' lang='lat' dir='ltr'>in</span> <span class='ocrx_word' id='word_1_107' title='bbox 279 1762 413 1826; x_wconf 89' lang='lat' dir='ltr'>consilio</span> <span class='ocrx_word' id='word_1_108' title='bbox 446 1762 527 1825; x_wconf 87' lang='lat' dir='ltr'>dixit</span> <span class='ocrx_word' id='word_1_109' title='bbox 559 1764 683 1846; x_wconf 88' lang='lat' dir='ltr'>placere</span> <span class='ocrx_word' id='word_1_110' title='bbox 716 1764 778 1828; x_wconf 90' lang='lat' dir='ltr'>sibi</span> <span class='ocrx_word' id='word_1_111' title='bbox 815 1764 900 1827; x_wconf 92' lang='lat' dir='ltr'>bello</span> <span class='ocrx_word' id='word_1_112' title='bbox 937 1762 1080 1826; x_wconf 87' lang='lat' dir='ltr'>confecto</span> 
     </span>
     <span class='ocr_line' id='line_1_17' title="bbox 68 1857 1080 1947; baseline -0.001 -25"><span class='ocrx_word' id='word_1_113' title='bbox 68 1864 177 1923; x_wconf 90' lang='lat' dir='ltr'>ternas</span> <span class='ocrx_word' id='word_1_114' title='bbox 210 1857 347 1922; x_wconf 89' lang='lat' dir='ltr'>tabellas</span> <span class='ocrx_word' id='word_1_115' title='bbox 379 1859 448 1922; x_wconf 90' lang='lat' dir='ltr'>dari</span> <span class='ocrx_word' id='word_1_116' title='bbox 480 1861 519 1923; x_wconf 88' lang='lat' dir='ltr'>ad</span> <span class='ocrx_word' id='word_1_117' title='bbox 551 1860 754 1925; x_wconf 90' lang='lat' dir='ltr'>iudicandum</span> <span class='ocrx_word' id='word_1_118' title='bbox 785 1861 841 1947; x_wconf 89' lang='lat' dir='ltr'>iis,</span> <span class='ocrx_word' id='word_1_119' title='bbox 872 1860 928 1944; x_wconf 92' lang='lat' dir='ltr'>qui</span> <span class='ocrx_word' id='word_1_120' title='bbox 960 1858 1080 1924; x_wconf 90' lang='lat' dir='ltr'>ordinis</span> 
     </span>
     <span class='ocr_line' id='line_1_18' title="bbox 68 1955 1081 2046; baseline -0.002 -26"><span class='ocrx_word' id='word_1_121' title='bbox 68 1959 176 2021; x_wconf 90' lang='lat' dir='ltr'>essent</span> <span class='ocrx_word' id='word_1_122' title='bbox 204 1956 358 2019; x_wconf 90' lang='lat' dir='ltr'>senatorii</span> <span class='ocrx_word' id='word_1_123' title='bbox 385 1956 533 2041; x_wconf 90' lang='lat' dir='ltr'>belloque</span> <span class='ocrx_word' id='word_1_124' title='bbox 560 1980 624 2021; x_wconf 89' lang='lat' dir='ltr'>una</span> <span class='ocrx_word' id='word_1_125' title='bbox 651 1979 724 2020; x_wconf 89' lang='lat' dir='ltr'>cum</span> <span class='ocrx_word' id='word_1_126' title='bbox 748 1957 828 2042; x_wconf 90' lang='lat' dir='ltr'>ipsis</span> <span class='ocrx_word' id='word_1_127' title='bbox 851 1955 1081 2046; x_wconf 81' lang='lat' dir='ltr'>mterfirissent,</span> 
     </span>
     <span class='ocr_line' id='line_1_19' title="bbox 69 2053 1080 2141; baseline -0.002 -23"><span class='ocrx_word' id='word_1_128' title='bbox 69 2053 309 2137; x_wconf 85' lang='lat' dir='ltr'>sententiasque</span> <span class='ocrx_word' id='word_1_129' title='bbox 337 2053 375 2117; x_wconf 91' lang='lat' dir='ltr'>de</span> <span class='ocrx_word' id='word_1_130' title='bbox 408 2054 544 2139; x_wconf 82' lang='lat' dir='ltr'>singulis</span> <span class='ocrx_word' id='word_1_131' title='bbox 576 2054 706 2141; x_wconf 81' lang='lat' dir='ltr'>ferrent,</span> <span class='ocrx_word' id='word_1_132' title='bbox 738 2056 794 2139; x_wconf 91' lang='lat' dir='ltr'>qui</span> <span class='ocrx_word' id='word_1_133' title='bbox 815 2055 937 2119; x_wconf 83' lang='lat' dir='ltr'>Romae</span> <span class='ocrx_word' id='word_1_134' title='bbox 960 2075 1080 2117; x_wconf 88' lang='lat' dir='ltr'>reman-</span> 
     </span>
     <span class='ocr_line' id='line_1_20' title="bbox 70 2152 1081 2237; baseline -0.002 -20"><span class='ocrx_word' id='word_1_135' title='bbox 70 2153 189 2217; x_wconf 85' lang='lat' dir='ltr'>sissent</span> <span class='ocrx_word' id='word_1_136' title='bbox 212 2152 330 2235; x_wconf 93' lang='lat' dir='ltr'>quique</span> <span class='ocrx_word' id='word_1_137' title='bbox 357 2152 443 2216; x_wconf 92' lang='lat' dir='ltr'>intra</span> <span class='ocrx_word' id='word_1_138' title='bbox 470 2153 629 2236; x_wconf 90' lang='lat' dir='ltr'>praesidia</span> <span class='ocrx_word' id='word_1_139' title='bbox 659 2152 792 2237; x_wconf 90' lang='lat' dir='ltr'>Pompei</span> <span class='ocrx_word' id='word_1_140' title='bbox 819 2152 956 2217; x_wconf 82' lang='lat' dir='ltr'>fuissent</span> <span class='ocrx_word' id='word_1_141' title='bbox 977 2173 1081 2236; x_wconf 88' lang='lat' dir='ltr'>neque</span> 
     </span>
     <span class='ocr_line' id='line_1_21' title="bbox 69 2248 1082 2334; baseline -0.002 -20"><span class='ocrx_word' id='word_1_142' title='bbox 69 2271 200 2334; x_wconf 89' lang='lat' dir='ltr'>operam</span> <span class='ocrx_word' id='word_1_143' title='bbox 222 2249 313 2313; x_wconf 91' lang='lat' dir='ltr'>inre</span> <span class='ocrx_word' id='word_1_144' title='bbox 336 2249 469 2314; x_wconf 85' lang='lat' dir='ltr'>mih&#39;tari</span> <span class='ocrx_word' id='word_1_145' title='bbox 493 2250 746 2334; x_wconf 90' lang='lat' dir='ltr'>praestitissent:</span> <span class='ocrx_word' id='word_1_146' title='bbox 769 2272 867 2313; x_wconf 91' lang='lat' dir='ltr'>unam</span> <span class='ocrx_word' id='word_1_147' title='bbox 888 2249 957 2318; x_wconf 85' lang='lat' dir='ltr'>fore</span> <span class='ocrx_word' id='word_1_148' title='bbox 982 2248 1082 2313; x_wconf 90' lang='lat' dir='ltr'>tabel-</span> 
     </span>
     <span class='ocr_line' id='line_1_22' title="bbox 69 2345 1081 2434; baseline -0.002 -22"><span class='ocrx_word' id='word_1_149' title='bbox 69 2349 143 2433; x_wconf 90' lang='lat' dir='ltr'>lam,</span> <span class='ocrx_word' id='word_1_150' title='bbox 166 2346 223 2430; x_wconf 92' lang='lat' dir='ltr'>qui</span> <span class='ocrx_word' id='word_1_151' title='bbox 249 2345 431 2410; x_wconf 89' lang='lat' dir='ltr'>liberandos</span> <span class='ocrx_word' id='word_1_152' title='bbox 459 2348 546 2411; x_wconf 91' lang='lat' dir='ltr'>omni</span> <span class='ocrx_word' id='word_1_153' title='bbox 576 2346 717 2431; x_wconf 91' lang='lat' dir='ltr'>periculo</span> <span class='ocrx_word' id='word_1_154' title='bbox 742 2350 916 2434; x_wconf 88' lang='lat' dir='ltr'>censerent,</span> <span class='ocrx_word' id='word_1_155' title='bbox 938 2347 1081 2431; x_wconf 89' lang='lat' dir='ltr'>alteram,</span> 
     </span>
     <span class='ocr_line' id='line_1_23' title="bbox 69 2442 1080 2531; baseline -0.001 -22"><span class='ocrx_word' id='word_1_156' title='bbox 69 2445 126 2528; x_wconf 94' lang='lat' dir='ltr'>qui</span> <span class='ocrx_word' id='word_1_157' title='bbox 148 2442 264 2526; x_wconf 88' lang='lat' dir='ltr'>capitis</span> <span class='ocrx_word' id='word_1_158' title='bbox 288 2442 484 2530; x_wconf 87' lang='lat' dir='ltr'>damnarent,</span> <span class='ocrx_word' id='word_1_159' title='bbox 506 2446 645 2531; x_wconf 90' lang='lat' dir='ltr'>tertiam,</span> <span class='ocrx_word' id='word_1_160' title='bbox 668 2445 724 2527; x_wconf 91' lang='lat' dir='ltr'>qui</span> <span class='ocrx_word' id='word_1_161' title='bbox 747 2445 881 2528; x_wconf 87' lang='lat' dir='ltr'>pecunia</span> <span class='ocrx_word' id='word_1_162' title='bbox 898 2445 1080 2509; x_wconf 86' lang='lat' dir='ltr'>multarent.</span> 
     </span>
     <span class='ocr_line' id='line_1_24' title="bbox 68 2540 1116 2626; baseline 0 -21"><span class='ocrx_word' id='word_1_163' title='bbox 68 2540 237 2605; x_wconf 90' lang='lat' dir='ltr'>Postremo</span> <span class='ocrx_word' id='word_1_164' title='bbox 261 2560 370 2603; x_wconf 91' lang='lat' dir='ltr'>omnes</span> <span class='ocrx_word' id='word_1_165' title='bbox 398 2545 462 2604; x_wconf 49' lang='lat' dir='ltr'>aut¹</span> <span class='ocrx_word' id='word_1_166' title='bbox 481 2541 520 2605; x_wconf 89' lang='lat' dir='ltr'>de</span> <span class='ocrx_word' id='word_1_167' title='bbox 541 2542 719 2606; x_wconf 91' lang='lat' dir='ltr'>honoribus</span> <span class='ocrx_word' id='word_1_168' title='bbox 749 2543 815 2605; x_wconf 89' lang='lat' dir='ltr'>suis</span> <span class='ocrx_word' id='word_1_169' title='bbox 844 2546 900 2605; x_wconf 89' lang='lat' dir='ltr'>aut</span> <span class='ocrx_word' id='word_1_170' title='bbox 927 2542 964 2605; x_wconf 90' lang='lat' dir='ltr'>de</span> <span class='ocrx_word' id='word_1_171' title='bbox 993 2561 1116 2626; x_wconf 77' lang='lat' dir='ltr'>prae-4</span> 
     </span>
     <span class='ocr_line' id='line_1_25' title="bbox 69 2636 1081 2723; baseline -0.005 -17"><span class='ocrx_word' id='word_1_172' title='bbox 69 2638 143 2706; x_wconf 83' lang='lat' dir='ltr'>iniis</span> <span class='ocrx_word' id='word_1_173' title='bbox 175 2636 328 2720; x_wconf 88' lang='lat' dir='ltr'>pecuniae</span> <span class='ocrx_word' id='word_1_174' title='bbox 359 2641 415 2701; x_wconf 89' lang='lat' dir='ltr'>aut</span> <span class='ocrx_word' id='word_1_175' title='bbox 433 2638 481 2702; x_wconf 78' lang='lat' dir='ltr'>de</span> <span class='ocrx_word' id='word_1_176' title='bbox 511 2639 738 2723; x_wconf 89' lang='lat' dir='ltr'>persequendis</span> <span class='ocrx_word' id='word_1_177' title='bbox 766 2639 903 2702; x_wconf 88' lang='lat' dir='ltr'>inimicis</span> <span class='ocrx_word' id='word_1_178' title='bbox 933 2638 1081 2723; x_wconf 84' lang='lat' dir='ltr'>agebant,</span> 
     </span>
     <span class='ocr_line' id='line_1_26' title="bbox 69 2733 1081 2822; baseline 0 -23"><span class='ocrx_word' id='word_1_179' title='bbox 69 2756 183 2819; x_wconf 90' lang='lat' dir='ltr'>neque,</span> <span class='ocrx_word' id='word_1_180' title='bbox 205 2733 321 2817; x_wconf 90' lang='lat' dir='ltr'>quibus</span> <span class='ocrx_word' id='word_1_181' title='bbox 345 2734 526 2799; x_wconf 90' lang='lat' dir='ltr'>rationibus</span> <span class='ocrx_word' id='word_1_182' title='bbox 550 2758 699 2819; x_wconf 87' lang='lat' dir='ltr'>superare</span> <span class='ocrx_word' id='word_1_183' title='bbox 727 2741 869 2822; x_wconf 88' lang='lat' dir='ltr'>possent,</span> <span class='ocrx_word' id='word_1_184' title='bbox 898 2736 952 2799; x_wconf 91' lang='lat' dir='ltr'>sed</span> <span class='ocrx_word' id='word_1_185' title='bbox 975 2757 1081 2819; x_wconf 88' lang='lat' dir='ltr'>quem-</span> 
     </span>
     <span class='ocr_line' id='line_1_27' title="bbox 70 2831 872 2919; baseline 0 -22"><span class='ocrx_word' id='word_1_186' title='bbox 70 2832 241 2897; x_wconf 87' lang='lat' dir='ltr'>admodum</span> <span class='ocrx_word' id='word_1_187' title='bbox 262 2831 313 2894; x_wconf 90' lang='lat' dir='ltr'>uti</span> <span class='ocrx_word' id='word_1_188' title='bbox 334 2832 470 2896; x_wconf 83' lang='lat' dir='ltr'>victoria</span> <span class='ocrx_word' id='word_1_189' title='bbox 492 2832 653 2918; x_wconf 89' lang='lat' dir='ltr'>deberent,</span> <span class='ocrx_word' id='word_1_190' title='bbox 677 2834 872 2919; x_wconf 84' lang='lat' dir='ltr'>cogitabant.</span> 
     </span>
    </p>

    <p class='ocr_par' dir='ltr' id='par_1_5' title="bbox 67 2926 1117 3693">
     <span class='ocr_line' id='line_1_28' title="bbox 135 2926 1115 3013; baseline -0.002 -19"><span class='ocrx_word' id='word_1_191' title='bbox 135 2926 328 2994; x_wconf 81' lang='lat' dir='ltr'>LXXXIIII.</span> <span class='ocrx_word' id='word_1_192' title='bbox 365 2927 413 2992; x_wconf 85' lang='lat' dir='ltr'>Re</span> <span class='ocrx_word' id='word_1_193' title='bbox 431 2929 640 2993; x_wconf 83' lang='lat' dir='ltr'>frumentaria</span> <span class='ocrx_word' id='word_1_194' title='bbox 658 2934 848 3013; x_wconf 89' lang='lat' dir='ltr'>praeparata</span> <span class='ocrx_word' id='word_1_195' title='bbox 871 2930 1081 2995; x_wconf 88' lang='lat' dir='ltr'>confirmatis·</span> <span class='ocrx_word' id='word_1_196' title='bbox 1102 2948 1115 2992; x_wconf 87' lang='lat'>1</span> 
     </span>
     <span class='ocr_line' id='line_1_29' title="bbox 70 3024 1081 3111; baseline 0.002 -22"><span class='ocrx_word' id='word_1_197' title='bbox 70 3048 132 3110; x_wconf 92' lang='lat' dir='ltr'>que</span> <span class='ocrx_word' id='word_1_198' title='bbox 158 3024 318 3088; x_wconf 90' lang='lat' dir='ltr'>militibus</span> <span class='ocrx_word' id='word_1_199' title='bbox 345 3027 378 3087; x_wconf 90' lang='lat' dir='ltr'>et</span> <span class='ocrx_word' id='word_1_200' title='bbox 410 3024 489 3087; x_wconf 87' lang='lat' dir='ltr'>satis</span> <span class='ocrx_word' id='word_1_201' title='bbox 518 3025 615 3109; x_wconf 83' lang='lat' dir='ltr'>longo</span> <span class='ocrx_word' id='word_1_202' title='bbox 645 3028 751 3111; x_wconf 88' lang='lat' dir='ltr'>spatio</span> <span class='ocrx_word' id='word_1_203' title='bbox 782 3026 935 3110; x_wconf 89' lang='lat' dir='ltr'>temporis</span> <span class='ocrx_word' id='word_1_204' title='bbox 959 3050 978 3090; x_wconf 91' lang='lat' dir='ltr'>a</span> <span class='ocrx_word' id='word_1_205' title='bbox 1000 3026 1081 3111; x_wconf 85' lang='lat' dir='ltr'>Dyr-</span> 
     </span>
     <span class='ocr_line' id='line_1_30' title="bbox 69 3120 1081 3208; baseline 0.004 -23"><span class='ocrx_word' id='word_1_206' title='bbox 69 3122 209 3188; x_wconf 89' lang='lat' dir='ltr'>rachinis</span> <span class='ocrx_word' id='word_1_207' title='bbox 224 3120 355 3203; x_wconf 91' lang='lat' dir='ltr'>proeliis</span> <span class='ocrx_word' id='word_1_208' title='bbox 369 3121 563 3207; x_wconf 88' lang='lat' dir='ltr'>intermisso,</span> <span class='ocrx_word' id='word_1_209' title='bbox 576 3144 639 3205; x_wconf 92' lang='lat' dir='ltr'>quo</span> <span class='ocrx_word' id='word_1_210' title='bbox 655 3126 734 3188; x_wconf 90' lang='lat' dir='ltr'>satis</span> <span class='ocrx_word' id='word_1_211' title='bbox 749 3126 952 3208; x_wconf 89' lang='lat' dir='ltr'>perspectum</span> <span class='ocrx_word' id='word_1_212' title='bbox 964 3124 1081 3188; x_wconf 88' lang='lat' dir='ltr'>habere</span> 
     </span>
     <span class='ocr_line' id='line_1_31' title="bbox 69 3218 1082 3304; baseline 0.001 -20"><span class='ocrx_word' id='word_1_213' title='bbox 69 3220 210 3284; x_wconf 90' lang='lat' dir='ltr'>militum</span> <span class='ocrx_word' id='word_1_214' title='bbox 233 3219 374 3282; x_wconf 78' lang='lat' dir='ltr'>animum</span> <span class='ocrx_word' id='word_1_215' title='bbox 396 3218 567 3303; x_wconf 89' lang='lat' dir='ltr'>videretur,</span> <span class='ocrx_word' id='word_1_216' title='bbox 589 3222 812 3304; x_wconf 89' lang='lat' dir='ltr'>temptandum</span> <span class='ocrx_word' id='word_1_217' title='bbox 836 3219 951 3285; x_wconf 78' lang='lat' dir='ltr'>Caesar</span> <span class='ocrx_word' id='word_1_218' title='bbox 975 3222 1082 3285; x_wconf 84' lang='lat' dir='ltr'>existi·</span> 
     </span>
     <span class='ocr_line' id='line_1_32' title="bbox 68 3314 1081 3400; baseline 0.003 -20"><span class='ocrx_word' id='word_1_219' title='bbox 68 3316 179 3400; x_wconf 78' lang='lat' dir='ltr'>mavit,</span> <span class='ocrx_word' id='word_1_220' title='bbox 202 3314 353 3398; x_wconf 90' lang='lat' dir='ltr'>quidnam</span> <span class='ocrx_word' id='word_1_221' title='bbox 375 3314 546 3399; x_wconf 90' lang='lat' dir='ltr'>Pompeius</span> <span class='ocrx_word' id='word_1_222' title='bbox 569 3319 729 3400; x_wconf 90' lang='lat' dir='ltr'>propositi</span> <span class='ocrx_word' id='word_1_223' title='bbox 757 3323 813 3382; x_wconf 91' lang='lat' dir='ltr'>aut</span> <span class='ocrx_word' id='word_1_224' title='bbox 841 3316 1019 3382; x_wconf 85' lang='lat' dir='ltr'>voluntatis</span> <span class='ocrx_word' id='word_1_225' title='bbox 1043 3319 1081 3383; x_wconf 91' lang='lat' dir='ltr'>ad</span> 
     </span>
     <span class='ocr_line' id='line_1_33' title="bbox 68 3411 1117 3496; baseline 0.002 -20"><span class='ocrx_word' id='word_1_226' title='bbox 68 3412 284 3480; x_wconf 88' lang='lat' dir='ltr'>dimicandum</span> <span class='ocrx_word' id='word_1_227' title='bbox 305 3411 446 3477; x_wconf 89' lang='lat' dir='ltr'>haberet.</span> <span class='ocrx_word' id='word_1_228' title='bbox 483 3411 597 3496; x_wconf 91' lang='lat' dir='ltr'>Itaque</span> <span class='ocrx_word' id='word_1_229' title='bbox 621 3434 660 3475; x_wconf 88' lang='lat' dir='ltr'>ex</span> <span class='ocrx_word' id='word_1_230' title='bbox 682 3415 797 3478; x_wconf 89' lang='lat' dir='ltr'>castris</span> <span class='ocrx_word' id='word_1_231' title='bbox 817 3413 991 3476; x_wconf 82' lang='lat' dir='ltr'>exercitum</span> <span class='ocrx_word' id='word_1_232' title='bbox 1010 3415 1081 3478; x_wconf 90' lang='lat' dir='ltr'>edu·</span> <span class='ocrx_word' id='word_1_233' title='bbox 1102 3439 1117 3484; x_wconf 74' lang='lat' dir='ltr'>a</span> 
     </span>
     <span class='ocr_line' id='line_1_34' title="bbox 67 3509 1082 3596; baseline 0.003 -22"><span class='ocrx_word' id='word_1_234' title='bbox 67 3512 116 3576; x_wconf 88' lang='lat' dir='ltr'>xit</span> <span class='ocrx_word' id='word_1_235' title='bbox 140 3511 302 3593; x_wconf 89' lang='lat' dir='ltr'>aciemque</span> <span class='ocrx_word' id='word_1_236' title='bbox 325 3509 490 3594; x_wconf 83' lang='lat' dir='ltr'>instruxit,</span> <span class='ocrx_word' id='word_1_237' title='bbox 512 3510 653 3592; x_wconf 88' lang='lat' dir='ltr'>primum</span> <span class='ocrx_word' id='word_1_238' title='bbox 682 3513 748 3575; x_wconf 89' lang='lat' dir='ltr'>suis</span> <span class='ocrx_word' id='word_1_239' title='bbox 778 3511 858 3575; x_wconf 88' lang='lat' dir='ltr'>loeis</span> <span class='ocrx_word' id='word_1_240' title='bbox 881 3511 1041 3596; x_wconf 90' lang='lat' dir='ltr'>pauloque</span> <span class='ocrx_word' id='word_1_241' title='bbox 1064 3538 1082 3577; x_wconf 94' lang='lat' dir='ltr'>a</span> 
     </span>
     <span class='ocr_line' id='line_1_35' title="bbox 67 3606 1082 3693; baseline 0.001 -19"><span class='ocrx_word' id='word_1_242' title='bbox 67 3608 183 3674; x_wconf 89' lang='lat' dir='ltr'>castris</span> <span class='ocrx_word' id='word_1_243' title='bbox 206 3606 338 3689; x_wconf 88' lang='lat' dir='ltr'>Pompei</span> <span class='ocrx_word' id='word_1_244' title='bbox 364 3606 503 3691; x_wconf 80' lang='lat' dir='ltr'>longine,</span> <span class='ocrx_word' id='word_1_245' title='bbox 531 3607 771 3671; x_wconf 85' lang='lat' dir='ltr'>continentibus</span> <span class='ocrx_word' id='word_1_246' title='bbox 799 3628 874 3670; x_wconf 89' lang='lat' dir='ltr'>vero</span> <span class='ocrx_word' id='word_1_247' title='bbox 899 3607 1021 3693; x_wconf 89' lang='lat' dir='ltr'>diebus,</span> <span class='ocrx_word' id='word_1_248' title='bbox 1045 3615 1082 3675; x_wconf 90' lang='lat' dir='ltr'>ut</span> 
     </span>
    </p>
   </div>
   <div class='ocr_carea' id='block_1_5' title="bbox 0 0 1302 4075">
    <p class='ocr_par' dir='ltr' id='par_1_6' title="bbox 0 0 1302 4075">
     <span class='ocr_line' id='line_1_36' title="bbox 0 0 1302 4075; baseline 0 0"><span class='ocrx_word' id='word_1_249' title='bbox 0 0 1302 4075; x_wconf 95' lang='lat' dir='ltr'> </span> 
     </span>
    </p>
   </div>
  </div>
 </body>
</html>
