<?xml version="1.0" encoding="UTF-8"?>
<!DOCTYPE html PUBLIC "-//W3C//DTD XHTML 1.0 Transitional//EN"
    "http://www.w3.org/TR/xhtml1/DTD/xhtml1-transitional.dtd">
<html xmlns="http://www.w3.org/1999/xhtml" xml:lang="en" lang="en">
 <head>
  <title>
</title>
<meta http-equiv="Content-Type" content="text/html;charset=utf-8" />
  <meta name='ocr-system' content='tesseract 3.04.00' />
  <meta name='ocr-capabilities' content='ocr_page ocr_carea ocr_par ocr_line ocrx_word'/>
</head>
<body>
  <div class='ocr_page' id='page_1' title='image "./ciuliicaesarisc00woelgoog_0197.png"; bbox 0 0 2584 4075; ppageno 0'>
   <div class='ocr_carea' id='block_1_1' title="bbox 312 189 1151 297">
    <p class='ocr_par' dir='ltr' id='par_1_1' title="bbox 312 189 1151 297">
     <span class='ocr_line' id='line_1_1' title="bbox 312 189 1151 297; baseline 0.013 -10"><span class='ocrx_word' id='word_1_1' title='bbox 312 231 485 287; x_wconf 85' lang='lat' dir='ltr'>COMMI</span> <span class='ocrx_word' id='word_1_2' title='bbox 445 233 493 288; x_wconf 88' lang='lat' dir='ltr'>III</span> <span class='ocrx_word' id='word_1_3' title='bbox 531 232 607 288; x_wconf 89' lang='lat' dir='ltr'>CAP</span> <span class='ocrx_word' id='word_1_4' title='bbox 626 234 899 289; x_wconf 84' lang='lat' dir='ltr'>LXXXXVHI—CI.</span> <span class='ocrx_word' id='word_1_5' title='bbox 1047 233 1112 297; x_wconf 81' lang='lat'>135</span> <span class='ocrx_word' id='word_1_6' title='bbox 1149 189 1151 193; x_wconf 28' lang='grc' dir='ltr'>Ι</span> 
     </span>
    </p>
   </div>
   <div class='ocr_carea' id='block_1_2' title="bbox 67 345 1188 3668">
    <p class='ocr_par' dir='ltr' id='par_1_2' title="bbox 67 345 1112 657">
     <span class='ocr_line' id='line_1_2' title="bbox 93 345 1112 463; baseline 0 -22"><span class='ocrx_word' id='word_1_7' title='bbox 93 399 158 460; x_wconf 89' lang='lat' dir='ltr'>que</span> <span class='ocrx_word' id='word_1_8' title='bbox 184 380 258 440; x_wconf 89' lang='lat' dir='ltr'>ante</span> <span class='ocrx_word' id='word_1_9' title='bbox 281 345 475 460; x_wconf 88' lang='lat' dir='ltr'>proelium</span> <span class='ocrx_word' id='word_1_10' title='bbox 466 400 502 441; x_wconf 91' lang='lat' dir='ltr'>m</span> <span class='ocrx_word' id='word_1_11' title='bbox 524 377 689 445; x_wconf 81' lang='lat' dir='ltr'>Thessalia</span> <span class='ocrx_word' id='word_1_12' title='bbox 716 380 837 443; x_wconf 87' lang='lat' dir='ltr'>factum</span> <span class='ocrx_word' id='word_1_13' title='bbox 783 379 1032 463; x_wconf 90' lang='lat' dir='ltr'>umcognitum</span> <span class='ocrx_word' id='word_1_14' title='bbox 977 382 1112 442; x_wconf 89' lang='lat' dir='ltr'>umaut</span> 
     </span>
     <span class='ocr_line' id='line_1_3' title="bbox 67 474 1112 559; baseline 0.001 -22"><span class='ocrx_word' id='word_1_15' title='bbox 67 482 74 490; x_wconf 82' lang='grc'><em>“</em></span> <span class='ocrx_word' id='word_1_16' title='bbox 93 474 277 559; x_wconf 80' lang='lat' dir='ltr'>ignominia</span> <span class='ocrx_word' id='word_1_17' title='bbox 301 475 490 538; x_wconf 90' lang='lat' dir='ltr'>amissarum</span> <span class='ocrx_word' id='word_1_18' title='bbox 512 475 643 539; x_wconf 82' lang='lat' dir='ltr'>navium</span> <span class='ocrx_word' id='word_1_19' title='bbox 661 480 717 540; x_wconf 90' lang='lat' dir='ltr'>aut</span> <span class='ocrx_word' id='word_1_20' title='bbox 735 476 986 540; x_wconf 88' lang='lat' dir='ltr'>necessariarum</span> <span class='ocrx_word' id='word_1_21' title='bbox 1005 497 1112 539; x_wconf 88' lang='lat' dir='ltr'>rerum</span> 
     </span>
     <span class='ocr_line' id='line_1_4' title="bbox 92 568 858 657; baseline 0.003 -22"><span class='ocrx_word' id='word_1_22' title='bbox 92 571 209 655; x_wconf 90' lang='lat' dir='ltr'>inopia</span> <span class='ocrx_word' id='word_1_23' title='bbox 231 594 270 636; x_wconf 88' lang='lat' dir='ltr'>ex</span> <span class='ocrx_word' id='word_1_24' title='bbox 293 575 390 655; x_wconf 90' lang='lat' dir='ltr'>portu</span> <span class='ocrx_word' id='word_1_25' title='bbox 413 568 580 656; x_wconf 79' lang='lat' dir='ltr'>insulaque</span> <span class='ocrx_word' id='word_1_26' title='bbox 603 574 720 657; x_wconf 83' lang='lat' dir='ltr'>expelli</span> <span class='ocrx_word' id='word_1_27' title='bbox 743 574 858 656; x_wconf 88' lang='lat' dir='ltr'>potuit.</span> 
     </span>
    </p>

    <p class='ocr_par' dir='ltr' id='par_1_3' title="bbox 92 665 1188 3668">
     <span class='ocr_line' id='line_1_5' title="bbox 166 665 1145 753; baseline -0.003 -21"><span class='ocrx_word' id='word_1_28' title='bbox 166 665 217 732; x_wconf 86' lang='lat' dir='ltr'>CI.</span> <span class='ocrx_word' id='word_1_29' title='bbox 253 667 358 733; x_wconf 90' lang='lat' dir='ltr'>Isdem</span> <span class='ocrx_word' id='word_1_30' title='bbox 385 669 451 733; x_wconf 86' lang='lat' dir='ltr'>fere</span> <span class='ocrx_word' id='word_1_31' title='bbox 474 670 673 753; x_wconf 79' lang='lat' dir='ltr'>temporibus</span> <span class='ocrx_word' id='word_1_32' title='bbox 697 668 731 735; x_wconf 91' lang='lat' dir='ltr'>C.</span> <span class='ocrx_word' id='word_1_33' title='bbox 756 670 886 735; x_wconf 78' lang='lat' dir='ltr'>Cassius</span> <span class='ocrx_word' id='word_1_34' title='bbox 915 686 991 735; x_wconf 79' lang='lat' dir='ltr'>cum·</span> <span class='ocrx_word' id='word_1_35' title='bbox 1010 667 1111 733; x_wconf 80' lang='lat' dir='ltr'>classe</span> <span class='ocrx_word' id='word_1_36' title='bbox 1131 681 1145 728; x_wconf 86' lang='lat'>1</span> 
     </span>
     <span class='ocr_line' id='line_1_6' title="bbox 93 764 1113 850; baseline 0 -21"><span class='ocrx_word' id='word_1_37' title='bbox 93 764 256 848; x_wconf 81' lang='lat' dir='ltr'>Syrorum</span> <span class='ocrx_word' id='word_1_38' title='bbox 279 769 311 829; x_wconf 91' lang='lat' dir='ltr'>et</span> <span class='ocrx_word' id='word_1_39' title='bbox 337 764 534 830; x_wconf 78' lang='lat' dir='ltr'>Phoenicum</span> <span class='ocrx_word' id='word_1_40' title='bbox 563 771 595 831; x_wconf 92' lang='lat' dir='ltr'>et</span> <span class='ocrx_word' id='word_1_41' title='bbox 623 765 760 832; x_wconf 87' lang='lat' dir='ltr'>Cilicum</span> <span class='ocrx_word' id='word_1_42' title='bbox 788 768 822 831; x_wconf 88' lang='lat' dir='ltr'>in</span> <span class='ocrx_word' id='word_1_43' title='bbox 851 764 993 831; x_wconf 88' lang='lat' dir='ltr'>Siciliam</span> <span class='ocrx_word' id='word_1_44' title='bbox 1015 766 1113 850; x_wconf 82' lang='lat' dir='ltr'>venit,</span> 
     </span>
     <span class='ocr_line' id='line_1_7' title="bbox 92 862 1113 948; baseline 0 -22"><span class='ocrx_word' id='word_1_45' title='bbox 92 868 227 927; x_wconf 90' lang='lat' dir='ltr'>etcum</span> <span class='ocrx_word' id='word_1_46' title='bbox 260 868 344 928; x_wconf 91' lang='lat' dir='ltr'>esset</span> <span class='ocrx_word' id='word_1_47' title='bbox 376 862 520 929; x_wconf 78' lang='lat' dir='ltr'>Caesaris</span> <span class='ocrx_word' id='word_1_48' title='bbox 549 864 660 929; x_wconf 89' lang='lat' dir='ltr'>classis</span> <span class='ocrx_word' id='word_1_49' title='bbox 689 865 791 929; x_wconf 80' lang='lat' dir='ltr'>divisa</span> <span class='ocrx_word' id='word_1_50' title='bbox 818 865 854 928; x_wconf 91' lang='lat' dir='ltr'>in</span> <span class='ocrx_word' id='word_1_51' title='bbox 885 865 963 928; x_wconf 88' lang='lat' dir='ltr'>duas</span> <span class='ocrx_word' id='word_1_52' title='bbox 996 868 1113 948; x_wconf 90' lang='lat' dir='ltr'>partes,</span> 
     </span>
     <span class='ocr_line' id='line_1_8' title="bbox 93 959 1113 1045; baseline 0.001 -22"><span class='ocrx_word' id='word_1_53' title='bbox 93 959 251 1024; x_wconf 86' lang='lat' dir='ltr'>dimidiae</span> <span class='ocrx_word' id='word_1_54' title='bbox 274 961 360 1044; x_wconf 89' lang='lat' dir='ltr'>parti</span> <span class='ocrx_word' id='word_1_55' title='bbox 387 966 549 1045; x_wconf 75' lang='lat' dir='ltr'>praeesset</span> <span class='ocrx_word' id='word_1_56' title='bbox 576 959 610 1025; x_wconf 91' lang='lat' dir='ltr'>P.</span> <span class='ocrx_word' id='word_1_57' title='bbox 635 959 794 1045; x_wconf 83' lang='lat' dir='ltr'>Sulpicius</span> <span class='ocrx_word' id='word_1_58' title='bbox 826 965 955 1044; x_wconf 86' lang='lat' dir='ltr'>praetor</span> <span class='ocrx_word' id='word_1_59' title='bbox 986 959 1113 1025; x_wconf 88' lang='lat' dir='ltr'>Vibone</span> 
     </span>
     <span class='ocr_line' id='line_1_9' title="bbox 92 1057 1111 1144; baseline -0.001 -22"><span class='ocrx_word' id='word_1_60' title='bbox 92 1059 137 1122; x_wconf 92' lang='lat' dir='ltr'>ad</span> <span class='ocrx_word' id='word_1_61' title='bbox 161 1058 291 1142; x_wconf 86' lang='lat' dir='ltr'>fretum,</span> <span class='ocrx_word' id='word_1_62' title='bbox 313 1058 461 1122; x_wconf 86' lang='lat' dir='ltr'>dimidiae</span> <span class='ocrx_word' id='word_1_63' title='bbox 479 1058 522 1122; x_wconf 93' lang='lat' dir='ltr'>M.</span> <span class='ocrx_word' id='word_1_64' title='bbox 535 1057 733 1142; x_wconf 86' lang='lat' dir='ltr'>Pomponius</span> <span class='ocrx_word' id='word_1_65' title='bbox 753 1060 793 1122; x_wconf 91' lang='lat' dir='ltr'>ad</span> <span class='ocrx_word' id='word_1_66' title='bbox 810 1058 1001 1144; x_wconf 87' lang='lat' dir='ltr'>Messanam,</span> <span class='ocrx_word' id='word_1_67' title='bbox 1022 1058 1111 1141; x_wconf 89' lang='lat' dir='ltr'>prius</span> 
     </span>
     <span class='ocr_line' id='line_1_10' title="bbox 94 1153 1112 1242; baseline -0.001 -22"><span class='ocrx_word' id='word_1_68' title='bbox 94 1155 232 1220; x_wconf 78' lang='lat' dir='ltr'>Cassius</span> <span class='ocrx_word' id='word_1_69' title='bbox 256 1155 296 1219; x_wconf 93' lang='lat' dir='ltr'>ad</span> <span class='ocrx_word' id='word_1_70' title='bbox 316 1154 497 1219; x_wconf 87' lang='lat' dir='ltr'>Messanam</span> <span class='ocrx_word' id='word_1_71' title='bbox 518 1156 656 1220; x_wconf 82' lang='lat' dir='ltr'>naribus</span> <span class='ocrx_word' id='word_1_72' title='bbox 680 1156 850 1242; x_wconf 80' lang='lat' dir='ltr'>advolavit,</span> <span class='ocrx_word' id='word_1_73' title='bbox 868 1178 965 1239; x_wconf 89' lang='lat' dir='ltr'>quam</span> <span class='ocrx_word' id='word_1_74' title='bbox 977 1153 1112 1239; x_wconf 92' lang='lat' dir='ltr'>Pompo-</span> 
     </span>
     <span class='ocr_line' id='line_1_11' title="bbox 92 1252 1147 1339; baseline -0.007 -21"><span class='ocrx_word' id='word_1_75' title='bbox 92 1254 172 1318; x_wconf 89' lang='lat' dir='ltr'>nius</span> <span class='ocrx_word' id='word_1_76' title='bbox 197 1252 322 1316; x_wconf 88' lang='lat' dir='ltr'>deeius</span> <span class='ocrx_word' id='word_1_77' title='bbox 342 1253 479 1317; x_wconf 81' lang='lat' dir='ltr'>adventu</span> <span class='ocrx_word' id='word_1_78' title='bbox 498 1257 712 1339; x_wconf 87' lang='lat' dir='ltr'>cognosceret,</span> <span class='ocrx_word' id='word_1_79' title='bbox 730 1253 1017 1337; x_wconf 78' lang='lat' dir='ltr'>perturbatumque</span> <span class='ocrx_word' id='word_1_80' title='bbox 1038 1274 1111 1316; x_wconf 92' lang='lat' dir='ltr'>eum</span> <span class='ocrx_word' id='word_1_81' title='bbox 1131 1263 1147 1310; x_wconf 79' lang='lat'><strong>2</strong></span> 
     </span>
     <span class='ocr_line' id='line_1_12' title="bbox 93 1349 1111 1436; baseline -0.002 -22"><span class='ocrx_word' id='word_1_82' title='bbox 93 1353 214 1414; x_wconf 88' lang='lat' dir='ltr'>nactus</span> <span class='ocrx_word' id='word_1_83' title='bbox 237 1349 336 1413; x_wconf 89' lang='lat' dir='ltr'>nullis</span> <span class='ocrx_word' id='word_1_84' title='bbox 360 1350 515 1413; x_wconf 91' lang='lat' dir='ltr'>custodiis</span> <span class='ocrx_word' id='word_1_85' title='bbox 537 1371 641 1433; x_wconf 89' lang='lat' dir='ltr'>neque</span> <span class='ocrx_word' id='word_1_86' title='bbox 672 1350 837 1414; x_wconf 89' lang='lat' dir='ltr'>ordinibus</span> <span class='ocrx_word' id='word_1_87' title='bbox 860 1351 966 1436; x_wconf 89' lang='lat' dir='ltr'>certis,</span> <span class='ocrx_word' id='word_1_88' title='bbox 994 1370 1111 1434; x_wconf 87' lang='lat' dir='ltr'>magno</span> 
     </span>
     <span class='ocr_line' id='line_1_13' title="bbox 94 1445 1137 1529; baseline -0.001 -18"><span class='ocrx_word' id='word_1_89' title='bbox 94 1450 196 1511; x_wconf 84' lang='lat' dir='ltr'>rento</span> <span class='ocrx_word' id='word_1_90' title='bbox 221 1449 252 1508; x_wconf 90' lang='lat' dir='ltr'>et</span> <span class='ocrx_word' id='word_1_91' title='bbox 286 1445 422 1509; x_wconf 91' lang='lat' dir='ltr'>secundo</span> <span class='ocrx_word' id='word_1_92' title='bbox 450 1445 625 1529; x_wconf 90' lang='lat' dir='ltr'>completas</span> <span class='ocrx_word' id='word_1_93' title='bbox 654 1449 815 1511; x_wconf 90' lang='lat' dir='ltr'>onerarias</span> <span class='ocrx_word' id='word_1_94' title='bbox 843 1470 940 1512; x_wconf 80' lang='lat' dir='ltr'>naves</span> <span class='ocrx_word' id='word_1_95' title='bbox 963 1447 1056 1511; x_wconf 89' lang='lat' dir='ltr'>taeda</span> <span class='ocrx_word' id='word_1_96' title='bbox 1079 1451 1137 1512; x_wconf 56' lang='lat' dir='ltr'>et&lt;</span> 
     </span>
     <span class='ocr_line' id='line_1_14' title="bbox 95 1542 1113 1631; baseline 0 -24"><span class='ocrx_word' id='word_1_97' title='bbox 95 1545 169 1628; x_wconf 93' lang='lat' dir='ltr'>pice</span> <span class='ocrx_word' id='word_1_98' title='bbox 203 1547 235 1606; x_wconf 90' lang='lat' dir='ltr'>et</span> <span class='ocrx_word' id='word_1_99' title='bbox 267 1547 363 1626; x_wconf 90' lang='lat' dir='ltr'>stupa</span> <span class='ocrx_word' id='word_1_100' title='bbox 392 1542 589 1626; x_wconf 87' lang='lat' dir='ltr'>reliquisque</span> <span class='ocrx_word' id='word_1_101' title='bbox 616 1545 727 1631; x_wconf 91' lang='lat' dir='ltr'>rebus,</span> <span class='ocrx_word' id='word_1_102' title='bbox 754 1566 836 1627; x_wconf 89' lang='lat' dir='ltr'>quae</span> <span class='ocrx_word' id='word_1_103' title='bbox 864 1548 939 1608; x_wconf 87' lang='lat' dir='ltr'>sunt</span> <span class='ocrx_word' id='word_1_104' title='bbox 967 1549 1041 1627; x_wconf 89' lang='lat' dir='ltr'>apta</span> <span class='ocrx_word' id='word_1_105' title='bbox 1073 1545 1113 1607; x_wconf 89' lang='lat' dir='ltr'>ad</span> 
     </span>
     <span class='ocr_line' id='line_1_15' title="bbox 97 1637 1188 1730; baseline -0.001 -24"><span class='ocrx_word' id='word_1_106' title='bbox 97 1640 256 1726; x_wconf 87' lang='lat' dir='ltr'>incendia,</span> <span class='ocrx_word' id='word_1_107' title='bbox 279 1640 313 1703; x_wconf 91' lang='lat' dir='ltr'>in</span> <span class='ocrx_word' id='word_1_108' title='bbox 335 1637 587 1723; x_wconf 87' lang='lat' dir='ltr'>Pomponianam</span> <span class='ocrx_word' id='word_1_109' title='bbox 610 1641 745 1704; x_wconf 79' lang='lat' dir='ltr'>classem</span> <span class='ocrx_word' id='word_1_110' title='bbox 767 1641 901 1704; x_wconf 86' lang='lat' dir='ltr'>immisit</span> <span class='ocrx_word' id='word_1_111' title='bbox 930 1645 1025 1730; x_wconf 81' lang='lat' dir='ltr'>atque</span> <span class='ocrx_word' id='word_1_112' title='bbox 1048 1663 1112 1705; x_wconf 91' lang='lat' dir='ltr'>om·</span> <span class='ocrx_word' id='word_1_113' title='bbox 1184 1712 1188 1719; x_wconf 51' lang='grc'>,</span> 
     </span>
     <span class='ocr_line' id='line_1_16' title="bbox 96 1736 1111 1823; baseline -0.002 -20"><span class='ocrx_word' id='word_1_114' title='bbox 96 1761 156 1803; x_wconf 90' lang='lat' dir='ltr'>nes</span> <span class='ocrx_word' id='word_1_115' title='bbox 174 1759 272 1801; x_wconf 82' lang='lat' dir='ltr'>nares</span> <span class='ocrx_word' id='word_1_116' title='bbox 291 1736 431 1800; x_wconf 87' lang='lat' dir='ltr'>incendit</span> <span class='ocrx_word' id='word_1_117' title='bbox 450 1753 555 1823; x_wconf 83' lang='lat' dir='ltr'>xxxv,</span> <span class='ocrx_word' id='word_1_118' title='bbox 574 1758 590 1800; x_wconf 94' lang='lat' dir='ltr'>e</span> <span class='ocrx_word' id='word_1_119' title='bbox 610 1737 727 1820; x_wconf 91' lang='lat' dir='ltr'>quibus</span> <span class='ocrx_word' id='word_1_120' title='bbox 747 1741 837 1801; x_wconf 89' lang='lat' dir='ltr'>erant</span> <span class='ocrx_word' id='word_1_121' title='bbox 855 1755 904 1800; x_wconf 87' lang='lat' dir='ltr'>xx</span> <span class='ocrx_word' id='word_1_122' title='bbox 922 1741 1111 1801; x_wconf 88' lang='lat' dir='ltr'>constratae.</span> 
     </span>
     <span class='ocr_line' id='line_1_17' title="bbox 95 1833 1146 1920; baseline -0.007 -21"><span class='ocrx_word' id='word_1_123' title='bbox 95 1837 287 1917; x_wconf 82' lang='lat' dir='ltr'>Tantusque</span> <span class='ocrx_word' id='word_1_124' title='bbox 310 1855 347 1897; x_wconf 92' lang='lat' dir='ltr'>eo</span> <span class='ocrx_word' id='word_1_125' title='bbox 370 1833 455 1897; x_wconf 87' lang='lat' dir='ltr'>facto</span> <span class='ocrx_word' id='word_1_126' title='bbox 479 1834 576 1897; x_wconf 91' lang='lat' dir='ltr'>timor</span> <span class='ocrx_word' id='word_1_127' title='bbox 598 1833 798 1920; x_wconf 87' lang='lat' dir='ltr'>incessit,·ut</span> <span class='ocrx_word' id='word_1_128' title='bbox 823 1856 895 1899; x_wconf 90' lang='lat' dir='ltr'>cum</span> <span class='ocrx_word' id='word_1_129' title='bbox 917 1839 1002 1898; x_wconf 91' lang='lat' dir='ltr'>esset</span> <span class='ocrx_word' id='word_1_130' title='bbox 1026 1835 1111 1919; x_wconf 91' lang='lat' dir='ltr'>legio</span> <span class='ocrx_word' id='word_1_131' title='bbox 1130 1845 1146 1892; x_wconf 87' lang='lat'><strong>3</strong></span> 
     </span>
     <span class='ocr_line' id='line_1_18' title="bbox 97 1930 1111 2018; baseline -0.002 -21"><span class='ocrx_word' id='word_1_132' title='bbox 97 1932 260 2018; x_wconf 89' lang='lat' dir='ltr'>praesidio</span> <span class='ocrx_word' id='word_1_133' title='bbox 284 1930 460 2017; x_wconf 82' lang='lat' dir='ltr'>Messanae,</span> <span class='ocrx_word' id='word_1_134' title='bbox 482 1931 537 1994; x_wconf 86' lang='lat' dir='ltr'>rix</span> <span class='ocrx_word' id='word_1_135' title='bbox 560 1931 714 2013; x_wconf 88' lang='lat' dir='ltr'>oppidum</span> <span class='ocrx_word' id='word_1_136' title='bbox 743 1931 971 2017; x_wconf 86' lang='lat' dir='ltr'>defenderetur,</span> <span class='ocrx_word' id='word_1_137' title='bbox 994 1936 1026 2011; x_wconf 92' lang='lat' dir='ltr'>et</span> <span class='ocrx_word' id='word_1_138' title='bbox 1048 1932 1111 1996; x_wconf 90' lang='lat' dir='ltr'>nisi</span> 
     </span>
     <span class='ocr_line' id='line_1_19' title="bbox 97 2025 1112 2140; baseline -0.001 -44"><span class='ocrx_word' id='word_1_139' title='bbox 97 2054 137 2097; x_wconf 89' lang='lat' dir='ltr'>eo</span> <span class='ocrx_word' id='word_1_140' title='bbox 170 2031 241 2114; x_wconf 91' lang='lat' dir='ltr'>ipso</span> <span class='ocrx_word' id='word_1_141' title='bbox 269 2033 413 2112; x_wconf 91' lang='lat' dir='ltr'>tempore</span> <span class='ocrx_word' id='word_1_142' title='bbox 443 2025 580 2140; x_wconf 81' lang='lat' dir='ltr'>quidam&#39;</span> <span class='ocrx_word' id='word_1_143' title='bbox 599 2028 706 2092; x_wconf 91' lang='lat' dir='ltr'>nuntii</span> <span class='ocrx_word' id='word_1_144' title='bbox 734 2028 772 2092; x_wconf 92' lang='lat' dir='ltr'>de</span> <span class='ocrx_word' id='word_1_145' title='bbox 800 2025 945 2093; x_wconf 87' lang='lat' dir='ltr'>Caesaris</span> <span class='ocrx_word' id='word_1_146' title='bbox 977 2028 1112 2095; x_wconf 78' lang='lat' dir='ltr'>victoria</span> 
     </span>
     <span class='ocr_line' id='line_1_20' title="bbox 99 2125 1112 2214; baseline -0.004 -21"><span class='ocrx_word' id='word_1_147' title='bbox 99 2152 159 2214; x_wconf 89' lang='lat' dir='ltr'>per</span> <span class='ocrx_word' id='word_1_148' title='bbox 183 2127 358 2211; x_wconf 90' lang='lat' dir='ltr'>dispositos</span> <span class='ocrx_word' id='word_1_149' title='bbox 382 2128 505 2210; x_wconf 91' lang='lat' dir='ltr'>equites</span> <span class='ocrx_word' id='word_1_150' title='bbox 529 2125 771 2211; x_wconf 84' lang='lat' dir='ltr'>essentatadlatr,</span> <span class='ocrx_word' id='word_1_151' title='bbox 800 2126 1026 2189; x_wconf 85' lang='lat' dir='ltr'>existimabant</span> <span class='ocrx_word' id='word_1_152' title='bbox 1048 2127 1112 2210; x_wconf 90' lang='lat' dir='ltr'>ple-</span> 
     </span>
     <span class='ocr_line' id='line_1_21' title="bbox 98 2221 1147 2310; baseline -0.002 -19"><span class='ocrx_word' id='word_1_153' title='bbox 98 2228 193 2310; x_wconf 90' lang='lat' dir='ltr'>rique</span> <span class='ocrx_word' id='word_1_154' title='bbox 216 2225 266 2288; x_wconf 85' lang='lat' dir='ltr'>fut</span> <span class='ocrx_word' id='word_1_155' title='bbox 252 2228 361 2288; x_wconf 91' lang='lat' dir='ltr'>turum</span> <span class='ocrx_word' id='word_1_156' title='bbox 384 2224 551 2309; x_wconf 65' lang='lat' dir='ltr'>fuisset</span> <span class='ocrx_word' id='word_1_157' title='bbox 515 2224 564 2287; x_wconf 91' lang='lat' dir='ltr'>uti</span> <span class='ocrx_word' id='word_1_158' title='bbox 587 2247 651 2288; x_wconf 83' lang='lat' dir='ltr'>amr</span> <span class='ocrx_word' id='word_1_159' title='bbox 642 2223 797 2287; x_wconf 76' lang='lat' dir='ltr'>tturtere</span> <span class='ocrx_word' id='word_1_160' title='bbox 844 2221 906 2287; x_wconf 91' lang='lat' dir='ltr'>Sed</span> <span class='ocrx_word' id='word_1_161' title='bbox 931 2230 1026 2309; x_wconf 91' lang='lat' dir='ltr'>oport</span> <span class='ocrx_word' id='word_1_162' title='bbox 1027 2226 1147 2289; x_wconf 73' lang='lat' dir='ltr'>unis-⁴</span> 
     </span>
     <span class='ocr_line' id='line_1_22' title="bbox 101 2277 1113 2406; baseline -0.002 -17"><span class='ocrx_word' id='word_1_163' title='bbox 101 2326 184 2389; x_wconf 90' lang='lat' dir='ltr'>sime</span> <span class='ocrx_word' id='word_1_164' title='bbox 206 2321 330 2385; x_wconf 88' lang='lat' dir='ltr'>nuntiis</span> <span class='ocrx_word' id='word_1_165' title='bbox 350 2321 446 2384; x_wconf 88' lang='lat' dir='ltr'>adlat</span> <span class='ocrx_word' id='word_1_166' title='bbox 421 2324 464 2384; x_wconf 82' lang='lat' dir='ltr'>trs</span> <span class='ocrx_word' id='word_1_167' title='bbox 484 2277 637 2403; x_wconf 85' lang='lat' dir='ltr'>bppidum</span> <span class='ocrx_word' id='word_1_168' title='bbox 656 2324 705 2384; x_wconf 91' lang='lat' dir='ltr'>est</span> <span class='ocrx_word' id='word_1_169' title='bbox 724 2320 901 2405; x_wconf 78' lang='lat' dir='ltr'>defensum3</span> <span class='ocrx_word' id='word_1_170' title='bbox 920 2319 1113 2406; x_wconf 85' lang='lat' dir='ltr'>Cassiusque</span> 
     </span>
     <span class='ocr_line' id='line_1_23' title="bbox 99 2417 1114 2514; baseline -0.002 -29"><span class='ocrx_word' id='word_1_171' title='bbox 99 2423 141 2485; x_wconf 88' lang='lat' dir='ltr'>ad</span> <span class='ocrx_word' id='word_1_172' title='bbox 170 2418 386 2503; x_wconf 84' lang='lat' dir='ltr'>Sulpicianam</span> <span class='ocrx_word' id='word_1_173' title='bbox 411 2418 484 2481; x_wconf 93' lang='lat' dir='ltr'>inde</span> <span class='ocrx_word' id='word_1_174' title='bbox 512 2418 645 2481; x_wconf 86' lang='lat' dir='ltr'>classem</span> <span class='ocrx_word' id='word_1_175' title='bbox 674 2418 836 2501; x_wconf 87' lang='lat' dir='ltr'>profectus</span> <span class='ocrx_word' id='word_1_176' title='bbox 869 2422 918 2481; x_wconf 89' lang='lat' dir='ltr'>est</span> <span class='ocrx_word' id='word_1_177' title='bbox 945 2417 1114 2514; x_wconf 76' lang='lat' dir='ltr'>Vibonem,</span> 
     </span>
     <span class='ocr_line' id='line_1_24' title="bbox 100 2514 1112 2601; baseline -0.001 -20"><span class='ocrx_word' id='word_1_178' title='bbox 100 2517 334 2601; x_wconf 85' lang='lat' dir='ltr'>adplicatisque</span> <span class='ocrx_word' id='word_1_179' title='bbox 352 2515 456 2578; x_wconf 85' lang='lat' dir='ltr'>riostri</span> <span class='ocrx_word' id='word_1_180' title='bbox 480 2514 519 2578; x_wconf 89' lang='lat' dir='ltr'>ad</span> <span class='ocrx_word' id='word_1_181' title='bbox 537 2518 657 2579; x_wconf 90' lang='lat' dir='ltr'>terram</span> <span class='ocrx_word' id='word_1_182' title='bbox 674 2515 811 2579; x_wconf 80' lang='lat' dir='ltr'>navibus</span> <span class='ocrx_word' id='word_1_183' title='bbox 829 2520 961 2599; x_wconf 91' lang='lat' dir='ltr'>propter</span> <span class='ocrx_word' id='word_1_184' title='bbox 980 2517 1112 2580; x_wconf 90' lang='lat' dir='ltr'>eundem</span> 
     </span>
     <span class='ocr_line' id='line_1_25' title="bbox 100 2609 1113 2697; baseline -0.003 -18"><span class='ocrx_word' id='word_1_185' title='bbox 100 2617 251 2679; x_wconf 92' lang='lat' dir='ltr'>timorem</span> <span class='ocrx_word' id='word_1_186' title='bbox 274 2612 345 2696; x_wconf 90' lang='lat' dir='ltr'>pari</span> <span class='ocrx_word' id='word_1_187' title='bbox 368 2615 464 2695; x_wconf 88' lang='lat' dir='ltr'>atque</span> <span class='ocrx_word' id='word_1_188' title='bbox 483 2616 577 2676; x_wconf 90' lang='lat' dir='ltr'>antea</span> <span class='ocrx_word' id='word_1_189' title='bbox 594 2613 720 2676; x_wconf 90' lang='lat' dir='ltr'>ratione</span> <span class='ocrx_word' id='word_1_190' title='bbox 743 2615 891 2697; x_wconf 74' lang='lat' dir='ltr'>egerunt,</span> <span class='ocrx_word' id='word_1_191' title='bbox 914 2609 1044 2676; x_wconf 90' lang='lat' dir='ltr'>Cassius</span> <span class='ocrx_word' id='word_1_192' title='bbox 1068 2634 1113 2676; x_wconf 91' lang='lat' dir='ltr'>se-</span> 
     </span>
     <span class='ocr_line' id='line_1_26' title="bbox 101 2708 1112 2776; baseline -0.002 0"><span class='ocrx_word' id='word_1_193' title='bbox 101 2711 242 2776; x_wconf 90' lang='lat' dir='ltr'>cundum</span> <span class='ocrx_word' id='word_1_194' title='bbox 277 2713 391 2772; x_wconf 91' lang='lat' dir='ltr'>nactus</span> <span class='ocrx_word' id='word_1_195' title='bbox 424 2713 555 2772; x_wconf 82' lang='lat' dir='ltr'>rentum</span> <span class='ocrx_word' id='word_1_196' title='bbox 587 2710 748 2774; x_wconf 87' lang='lat' dir='ltr'>onerarias</span> <span class='ocrx_word' id='word_1_197' title='bbox 781 2730 878 2772; x_wconf 81' lang='lat' dir='ltr'>naves</span> <span class='ocrx_word' id='word_1_198' title='bbox 899 2708 1035 2772; x_wconf 76' lang='lat' dir='ltr'>&#39;circiter</span> <span class='ocrx_word' id='word_1_199' title='bbox 1066 2729 1112 2774; x_wconf 68' lang='lat' dir='ltr'>xl,</span> 
     </span>
     <span class='ocr_line' id='line_1_27' title="bbox 101 2805 1113 2894; baseline -0.001 -21"><span class='ocrx_word' id='word_1_200' title='bbox 101 2811 308 2894; x_wconf 85' lang='lat' dir='ltr'>praeparatas</span> <span class='ocrx_word' id='word_1_201' title='bbox 332 2806 372 2869; x_wconf 92' lang='lat' dir='ltr'>ad</span> <span class='ocrx_word' id='word_1_202' title='bbox 395 2806 575 2870; x_wconf 88' lang='lat' dir='ltr'>incendium</span> <span class='ocrx_word' id='word_1_203' title='bbox 597 2806 743 2892; x_wconf 90' lang='lat' dir='ltr'>immisit,</span> <span class='ocrx_word' id='word_1_204' title='bbox 765 2811 797 2870; x_wconf 88' lang='lat' dir='ltr'>et</span> <span class='ocrx_word' id='word_1_205' title='bbox 816 2805 944 2869; x_wconf 87' lang='lat' dir='ltr'>flamma</span> <span class='ocrx_word' id='word_1_206' title='bbox 964 2806 1004 2870; x_wconf 89' lang='lat' dir='ltr'>ab</span> <span class='ocrx_word' id='word_1_207' title='bbox 1027 2812 1113 2872; x_wconf 91' lang='lat' dir='ltr'>utro-</span> 
     </span>
     <span class='ocr_line' id='line_1_28' title="bbox 100 2903 1113 2989; baseline -0.001 -19"><span class='ocrx_word' id='word_1_208' title='bbox 100 2928 164 2989; x_wconf 92' lang='lat' dir='ltr'>que</span> <span class='ocrx_word' id='word_1_209' title='bbox 188 2926 287 2969; x_wconf 89' lang='lat' dir='ltr'>comu</span> <span class='ocrx_word' id='word_1_210' title='bbox 311 2924 497 2987; x_wconf 90' lang='lat' dir='ltr'>comprensa</span> <span class='ocrx_word' id='word_1_211' title='bbox 522 2925 619 2967; x_wconf 81' lang='lat' dir='ltr'>nares</span> <span class='ocrx_word' id='word_1_212' title='bbox 650 2907 726 2967; x_wconf 90' lang='lat' dir='ltr'>sunt</span> <span class='ocrx_word' id='word_1_213' title='bbox 756 2903 940 2968; x_wconf 90' lang='lat' dir='ltr'>combustae</span> <span class='ocrx_word' id='word_1_214' title='bbox 964 2904 1113 2988; x_wconf 86' lang='lat' dir='ltr'>quinque,</span> 
     </span>
     <span class='ocr_line' id='line_1_29' title="bbox 101 2999 1149 3088; baseline 0 -22"><span class='ocrx_word' id='word_1_215' title='bbox 101 3000 247 3085; x_wconf 88' lang='lat' dir='ltr'>Cumque</span> <span class='ocrx_word' id='word_1_216' title='bbox 256 2999 347 3084; x_wconf 71' lang='lat' dir='ltr'>,ignis</span> <span class='ocrx_word' id='word_1_217' title='bbox 365 3000 585 3084; x_wconf 83' lang='lat' dir='ltr'>magnitudine</span> <span class='ocrx_word' id='word_1_218' title='bbox 603 3001 692 3064; x_wconf 85' lang='lat' dir='ltr'>venti</span> <span class='ocrx_word' id='word_1_219' title='bbox 705 3000 803 3064; x_wconf 89' lang='lat' dir='ltr'>latius</span> <span class='ocrx_word' id='word_1_220' title='bbox 819 3004 968 3085; x_wconf 87' lang='lat' dir='ltr'>serperet,</span> <span class='ocrx_word' id='word_1_221' title='bbox 985 3002 1114 3088; x_wconf 88' lang='lat' dir='ltr'>milites,</span> <span class='ocrx_word' id='word_1_222' title='bbox 1133 3008 1149 3054; x_wconf 82' lang='lat'>5</span> 
     </span>
     <span class='ocr_line' id='line_1_30' title="bbox 102 3097 1114 3183; baseline -0.002 -19"><span class='ocrx_word' id='word_1_223' title='bbox 102 3100 160 3183; x_wconf 91' lang='lat' dir='ltr'>qui</span> <span class='ocrx_word' id='word_1_224' title='bbox 183 3121 223 3163; x_wconf 88' lang='lat' dir='ltr'>ex</span> <span class='ocrx_word' id='word_1_225' title='bbox 246 3097 408 3162; x_wconf 85' lang='lat' dir='ltr'>veteribus</span> <span class='ocrx_word' id='word_1_226' title='bbox 431 3097 613 3181; x_wconf 85' lang='lat' dir='ltr'>legionibus</span> <span class='ocrx_word' id='word_1_227' title='bbox 637 3103 728 3163; x_wconf 89' lang='lat' dir='ltr'>erant</span> <span class='ocrx_word' id='word_1_228' title='bbox 751 3099 855 3162; x_wconf 89' lang='lat' dir='ltr'>relicti</span> <span class='ocrx_word' id='word_1_229' title='bbox 879 3098 1038 3181; x_wconf 90' lang='lat' dir='ltr'>praesidio</span> <span class='ocrx_word' id='word_1_230' title='bbox 1059 3120 1114 3162; x_wconf 91' lang='lat' dir='ltr'>na·</span> 
     </span>
     <span class='ocr_line' id='line_1_31' title="bbox 100 3195 1114 3280; baseline -0.003 -19"><span class='ocrx_word' id='word_1_231' title='bbox 100 3197 196 3261; x_wconf 83' lang='lat' dir='ltr'>ribus</span> <span class='ocrx_word' id='word_1_232' title='bbox 220 3217 259 3259; x_wconf 84' lang='lat' dir='ltr'>ex</span> <span class='ocrx_word' id='word_1_233' title='bbox 282 3215 414 3258; x_wconf 89' lang='lat' dir='ltr'>numero</span> <span class='ocrx_word' id='word_1_234' title='bbox 439 3215 617 3280; x_wconf 88' lang='lat' dir='ltr'>aegrorum,</span> <span class='ocrx_word' id='word_1_235' title='bbox 642 3196 852 3278; x_wconf 82' lang='lat' dir='ltr'>ignominiam</span> <span class='ocrx_word' id='word_1_236' title='bbox 874 3217 940 3259; x_wconf 91' lang='lat' dir='ltr'>non</span> <span class='ocrx_word' id='word_1_237' title='bbox 962 3195 1114 3278; x_wconf 89' lang='lat' dir='ltr'>tulerunt,</span> 
     </span>
     <span class='ocr_line' id='line_1_32' title="bbox 101 3292 1149 3375; baseline -0.004 -16"><span class='ocrx_word' id='word_1_238' title='bbox 101 3295 157 3359; x_wconf 92' lang='lat' dir='ltr'>sed</span> <span class='ocrx_word' id='word_1_239' title='bbox 190 3315 248 3357; x_wconf 88' lang='lat' dir='ltr'>sua</span> <span class='ocrx_word' id='word_1_240' title='bbox 280 3294 394 3375; x_wconf 88' lang='lat' dir='ltr'>sponte</span> <span class='ocrx_word' id='word_1_241' title='bbox 425 3313 522 3355; x_wconf 85' lang='lat' dir='ltr'>naves</span> <span class='ocrx_word' id='word_1_242' title='bbox 556 3292 808 3356; x_wconf 90' lang='lat' dir='ltr'>conscenderunt</span> <span class='ocrx_word' id='word_1_243' title='bbox 839 3296 871 3356; x_wconf 88' lang='lat' dir='ltr'>et</span> <span class='ocrx_word' id='word_1_244' title='bbox 899 3315 917 3355; x_wconf 93' lang='lat' dir='ltr'>a</span> <span class='ocrx_word' id='word_1_245' title='bbox 945 3297 1030 3355; x_wconf 89' lang='lat' dir='ltr'>terra</span> <span class='ocrx_word' id='word_1_246' title='bbox 1053 3294 1149 3356; x_wconf 74' lang='lat' dir='ltr'>sol-⁰</span> 
     </span>
     <span class='ocr_line' id='line_1_33' title="bbox 101 3388 1115 3472; baseline -0.004 -17"><span class='ocrx_word' id='word_1_247' title='bbox 101 3394 216 3455; x_wconf 81' lang='lat' dir='ltr'>rerunt</span> <span class='ocrx_word' id='word_1_248' title='bbox 239 3390 425 3472; x_wconf 90' lang='lat' dir='ltr'>impetuque</span> <span class='ocrx_word' id='word_1_249' title='bbox 443 3388 528 3452; x_wconf 87' lang='lat' dir='ltr'>facto</span> <span class='ocrx_word' id='word_1_250' title='bbox 548 3390 583 3453; x_wconf 91' lang='lat' dir='ltr'>in</span> <span class='ocrx_word' id='word_1_251' title='bbox 598 3388 785 3452; x_wconf 90' lang='lat' dir='ltr'>Cassianam</span> <span class='ocrx_word' id='word_1_252' title='bbox 805 3389 939 3452; x_wconf 87' lang='lat' dir='ltr'>classem</span> <span class='ocrx_word' id='word_1_253' title='bbox 963 3389 1115 3472; x_wconf 90' lang='lat' dir='ltr'>quinque·</span> 
     </span>
     <span class='ocr_line' id='line_1_34' title="bbox 101 3484 1116 3578; baseline -0.003 -26"><span class='ocrx_word' id='word_1_254' title='bbox 101 3510 202 3552; x_wconf 87' lang='lat' dir='ltr'>remes</span> <span class='ocrx_word' id='word_1_255' title='bbox 226 3487 316 3572; x_wconf 89' lang='lat' dir='ltr'>duas,</span> <span class='ocrx_word' id='word_1_256' title='bbox 338 3485 373 3548; x_wconf 90' lang='lat' dir='ltr'>in</span> <span class='ocrx_word' id='word_1_257' title='bbox 400 3508 536 3569; x_wconf 88' lang='lat' dir='ltr'>quarum</span> <span class='ocrx_word' id='word_1_258' title='bbox 564 3487 665 3550; x_wconf 89' lang='lat' dir='ltr'>altera</span> <span class='ocrx_word' id='word_1_259' title='bbox 694 3490 762 3549; x_wconf 91' lang='lat' dir='ltr'>erat</span> <span class='ocrx_word' id='word_1_260' title='bbox 786 3484 926 3570; x_wconf 90' lang='lat' dir='ltr'>Cassius,</span> <span class='ocrx_word' id='word_1_261' title='bbox 955 3489 1116 3578; x_wconf 81' lang='lat' dir='ltr'>ceperunt,</span> 
     </span>
     <span class='ocr_line' id='line_1_35' title="bbox 100 3582 1114 3668; baseline -0.001 -19"><span class='ocrx_word' id='word_1_262' title='bbox 100 3586 154 3649; x_wconf 88' lang='lat' dir='ltr'>sed</span> <span class='ocrx_word' id='word_1_263' title='bbox 183 3582 314 3649; x_wconf 90' lang='lat' dir='ltr'>Cassius</span> <span class='ocrx_word' id='word_1_264' title='bbox 347 3587 496 3666; x_wconf 86' lang='lat' dir='ltr'>exceptus</span> <span class='ocrx_word' id='word_1_265' title='bbox 525 3583 642 3667; x_wconf 88' lang='lat' dir='ltr'>scapha</span> <span class='ocrx_word' id='word_1_266' title='bbox 675 3582 809 3668; x_wconf 68' lang='lat' dir='ltr'>refugit,</span> <span class='ocrx_word' id='word_1_267' title='bbox 841 3584 1004 3665; x_wconf 80' lang='lat' dir='ltr'>praeterea</span> <span class='ocrx_word' id='word_1_268' title='bbox 1035 3582 1114 3647; x_wconf 88' lang='lat' dir='ltr'>duae</span> 
     </span>
    </p>
   </div>
   <div class='ocr_carea' id='block_1_3' title="bbox 0 0 1305 4075">
    <p class='ocr_par' dir='ltr' id='par_1_4' title="bbox 0 0 1305 4075">
     <span class='ocr_line' id='line_1_36' title="bbox 0 0 1305 4075; baseline 0 0"><span class='ocrx_word' id='word_1_269' title='bbox 0 0 1305 4075; x_wconf 95' lang='lat' dir='ltr'> </span> 
     </span>
    </p>
   </div>
  </div>
 </body>
</html>
