2584 4075
166 216 172 227 ’
189 235 251 298 138
536 236 720 292 uaesano
741 235 849 291 111111
880 274 896 293 .

153 365 160 378 ’
187 379 245 465 cia,
268 382 300 444 et
322 378 357 445 L.
373 379 573 465 Septimium,
590 381 758 444 tribunum
777 379 926 462 militum,
944 379 984 441 ad
1009 377 1216 441 interficien-

153 477 264 541 adum
285 475 474 561 Pompeium
495 476 661 541 miserunt.
706 474 758 539 Ab
781 476 833 539 his
855 475 1031 539 liberaliter
1054 475 1127 557 ipse
1154 496 1215 556 ap·

187 574 326 657 pellatus
354 578 387 637 et
415 574 552 657 quadam
577 573 696 637 notitia
724 570 873 656 Septimii
900 573 1085 656 productus,
1116 570 1215 654 quod

174 670 273 735 ‘bello
292 671 487 754 praedonum
507 671 591 754 apud
609 692 682 734 eum
701 669 845 733 ordinem
862 669 1006 755 duxerat,
1018 668 1213 732 naviculam

189 768 355 851 parvulam
377 768 560 832 conscendit
588 789 661 831 cum
688 767 797 850 paucis
825 766 906 850 suis3
933 766 980 829 ibi
1007 765 1048 828 ab
1072 764 1212 829 Achilla

189 869 221 928 et
245 862 400 948 Septimio
424 864 624 929 interficitur.
660 863 744 928 ltem
761 861 796 927 L.
817 861 973 926 Lentulus
997 861 1212 945 comprehen-

190 962 339 1026 ditur‘ab
363 984 437 1047 rege
458 966 492 1026 11
515 963 550 1026 in
572 961 718 1025 custodia
739 963 879 1024 necatur.

157 1076 171 1123 1
258 1056 323 1123 GV.
361 1057 477 1124 Caesar
504 1082 576 1124 eum
598 1060 633 1124 in
659 1056 772 1122 Asiam
794 1057 944 1142 venisset,
966 1056 1150 1140 reperiebat
1171 1056 1209 1120 Τ.

189 1155 343 1239 Ampium
361 1160 512 1227 conatum
529 1177 598 1220 esse
616 1154 767 1239 pecunias
790 1155 903 1219 tollere
916 1153 1046 1236 Epheso
1068 1175 1109 1218 ex
1127 1154 1207 1218 fano

189 1251 311 1315 Dianae
334 1252 466 1335 eiusque
489 1252 533 1315 rei
553 1273 649 1315 causa
667 1256 831 1316 senatores
845 1272 960 1315 omnes
979 1273 1018 1314 ex
1036 1250 1208 1333 provincia

191 1369 347 1433 evocasse,
365 1351 402 1411 ut
420 1347 471 1411 his
490 1349 628 1412 testibus
648 1349 683 1412 in
701 1371 857 1413 summam
875 1347 1027 1431 pecuniae
1046 1352 1207 1430 uteretur,

156 1446 246 1510 used
277 1444 516 1528 interpellatum
548 1446 687 1509 adventu
723 1443 869 1531 Caesaris
906 1445 1097 1530 profugisse.
1154 1444 1207 1509 Ita

191 1541 316 1606 duobus
338 1542 537 1625 temporibus
560 1542 720 1626 Ephesiae
741 1544 893 1627 pecuniae
907 1541 1023 1607 Caesar
1046 1543 1206 1607 auxilium

157 1639 269 1704 3111111
283 1690 449 1704 ..........
486 1638 569 1702 Item
591 1640 761 1704 constabat
773 1640 867 1704 Elide
890 1640 925 1702 in
946 1640 1066 1722 templo
1086 1639 1205 1704 Miner-

191 1759 248 1801 vae
261 1737 407 1820 repetitis
423 1740 519 1820 atque
538 1735 731 1800 enumeratis
750 1736 872 1821 diebus,
890 1757 954 1820 quo
973 1735 1023 1798 die
1043 1736 1205 1817 proelium
1278 1750 1279 1803 l

193 1822 363 1905 secundum
388 1832 506 1899 Caesar
528 1833 665 1919 fecisset,
688 1833 895 1913 simulacrum
921 1830 1094 1919 Victoriae,
1118 1833 1205 1916 quod

192 1935 266 1996 ante
288 1932 392 2015 ipsam
416 1931 594 1996 Minervam
616 1931 818 1995 conlocatum
841 1934 926 1993 esset
949 1933 981 1992 11
1004 1933 1077 1993 ante
1100 1931 1142 1993 ad
1166 1931 1204 1993 si-

192 2029 369 2093 mulacrum
396 2028 558 2094 Minervae
585 2027 803 2115 spectavisset,
825 2027 866 2092 ad
892 2026 1001 2092 valvas
1029 2048 1062 2090 se
1089 2029 1203 2113 templi

157 2142 174 2187 4
193 2128 351 2210 limenque
365 2127 569 2191 convertisse.
600 2125 786 2209 Eodemque
800 2125 850 2188 die
861 2123 1051 2188 Antiochiae
1064 2123 1101 2187 in
1110 2122 1203 2208 Syria

193 2223 243 2287 bis
267 2227 377 2287 tantus
401 2224 558 2288 exercitus
581 2224 700 2287 clamor
723 2226 755 2287 et
775 2222 941 2307 signorum
960 2242 1058 2285 sonus
1077 2223 1202 2285 exaudi·

158 2325 246 2383 otus
270 2325 329 2404 est,
351 2323 388 2384 ut
415 2320 450 2383 in
476 2320 577 2385 muris
600 2323 723 2382 armata
746 2318 858 2381 civitas
887 2317 1086 2399 discurreret.
1133 2316 1202 2382 Hoc
1278 2325 1279 2328 ’

193 2418 276 2480 idem
302 2416 501 2480 Ptolomaide
531 2416 653 2480 accidit.
702 2413 912 2499 Pergamique
942 2413 976 2476 in
1003 2413 1138 2478 occultis
1168 2437 1203 2478 11

193 2513 365 2577 reconditis
388 2512 511 2598 templi,
534 2532 598 2594 quo
620 2514 746 2593 praeter
765 2510 943 2575 sacerdotes
963 2510 1049 2573 adire
1066 2510 1116 2574 fas
1138 2533 1203 2576 non

194 2615 251 2696 est,
275 2632 355 2694 quae
379 2607 491 2673 Graeci
515 2609 611 2692 adyta
638 2609 810 2693 appellant,
836 2603 990 2690 tympana
1017 2614 1201 2674 sonuerunt.

160 2720 175 2766 1
194 2708 277 2772 item
299 2708 461 2772 Trallibus
484 2706 661 2789 intemplo
689 2703 862 2789 Victoriae,
889 2703 945 2767 ubi
968 2701 1113 2768 Caesaris
1142 2711 1202 2770 sta·

194 2811 283 2870 tuam
302 2807 577 2890 consecraverant,
594 2804 701 2887 palma
715 2824 772 2885 per
786 2823 839 2866 eos
854 2801 1101 2866 1111111111111
1120 2801 1202 2868 inter
1234 2884 1237 2887 ἦ

194 2906 380 2987 coagmenta
389 2900 532 2985 lapidum
541 2922 579 2964 ex
593 2900 774 2983 pavimento
790 2898 952 2962 exstitisse
968 2897 1200 2966 ostendebatur.

160 3012 173 3057 1
260 2998 342 3064 CVI.
379 2997 496 3064 Caesar
524 3019 643 3081 paucos
676 2998 742 3061 dies
774 2996 810 3059 in
841 2994 920 3059 Asia
956 2998 1101 3059 moratus
1132 3019 1202 3061 cum
1278 3045 1280 3066 .

194 3097 334 3180 audisset
366 3096 554 3180 Pompeium
581 3092 680 3178 Cypri
710 3093 829 3179 11111111,
856 3092 1037 3155 coniectans
1065 3113 1138 3156 eum
1169 3090 1216 3158 in

193 3193 379 3280 Aegyptum
401 3195 463 3258 iter
485 3193 603 3257 habere
622 3195 754 3276 propter
776 3188 1024 3254 necessitudines
1048 3187 1142 3271 regni
1158 3211 1201 3252 re·

193 3292 362 3375 liquasque
395 3292 462 3358 eius
499 3291 562 3355 loci
595 3288 832 3374 oportunitates
869 3308 940 3350 cum
971 3284 1097 3368 legione
1133 3308 1201 3372 una,
1278 3279 1279 3306 ³

194 3411 290 3472 quam
313 3409 347 3451 se
370 3410 409 3452 ex
432 3387 599 3452 Thessalia
627 3387 718 3470 sequi
747 3385 894 3469 iusserat,
917 3387 949 3446 et
978 3382 1087 3467 altera,
1109 3403 1201 3465 quam

194 3507 233 3548 111
255 3482 377 3549 Achaia
401 3508 419 3549 a
442 3484 477 3561 Q.
500 3484 593 3548 Eufio
620 3484 728 3568 legato
757 3483 953 3564 evocaverat,
980 3478 1201 3563 equitibusque
1274 3497 1279 3516 ·’

195 3596 284 3644 neco
308 3584 340 3644 et
363 3581 500 3646 navibus
523 3580 629 3664 longis
653 3578 789 3642 Rhodiis
813 3596 837 3640 x
867 3582 899 3641 et
921 3575 1073 3640 Asiaticis
1095 3578 1200 3660 paucis
