2584 4075
274 246 385 303 COMM.
406 249 453 302 ΠΙ.
492 248 918 303 OAP.XXXxv-XXXXV11.
1038 248 1101 311 105

80 393 151 475 pila
175 394 379 457 coniecerunt
403 398 435 457 ct
462 415 500 456 ex
524 393 675 457 inferiore
701 394 773 458 loco
801 395 953 457 adversus
984 393 1098 456 clivum

80 489 212 553 incitati
236 511 331 553 cursu
353 489 544 573 praecipites
563 489 777 573 Pompeianos
797 493 931 575 egerunt
955 494 987 553 et
1010 494 1101 574 terga

80 590 210 650 vertere
233 590 420 671 codgcrunt3
444 588 562 670 quibus
587 588 626 650 ad
649 588 866 671 recipiendum
891 592 993 651 crates
1017 587 1101 650 dere-

81 685 154 746 ctae
186 683 392 768 longuriique
425 684 542 748 obiecti
576 688 608 747 et
639 685 809 748 institutae
846 685 952 749 fossae
983 704 1100 767 magno

79 780 314 864 impedimento
338 781 475 844 fuerunt.
513 779 627 847 Nostri
651 804 736 867 vero,
755 783 811 866 qui
834 783 913 846 satis
936 781 1099 845 habebant
1119 798 1134 844 o

80 877 152 941 sine
186 877 378 942 detrimento
407 878 576 964 discedere,
609 879 827 961 compluribus
860 879 1046 963 interfectis,
1078 895 1101 940 v

80 975 217 1038 omnino
243 995 374 1038 suorum
397 974 523 1038 amissis
548 976 746 1059 quietissime
766 998 800 1039 se
817 980 1005 1059 receperunt
1026 998 1101 1059 pau-

79 1073 181 1156 loque
205 1071 286 1135 citra
309 1093 382 1135 eum
399 1072 506 1135 locum
525 1072 596 1136 aliis
616 1072 854 1156 comprehensis
878 1073 1013 1137 collibus
1034 1095 1101 1134 mu-

79 1171 226 1234 nitiones
250 1169 459 1252 perfecerunt.

148 1264 348 1331 XXXXVII.
371 1266 453 1329 Erat
476 1288 560 1330 nove
583 1271 615 1330 et
642 1267 799 1331 inusitata
821 1267 900 1331 belli
921 1267 1005 1330 ratio
1029 1288 1102 1329 cum
1121 1281 1134 1327 1

79 1369 133 1429 tot
158 1362 368 1427 castellorum
389 1383 523 1426 numero
547 1367 704 1447 tantoque
728 1365 833 1448 spatio
857 1368 889 1428 et
912 1365 1012 1427 tantis
1035 1385 1101 1425 mu-

79 1460 266 1525 nitionibus
286 1463 317 1522 et
335 1463 407 1523 toto
427 1459 604 1523 obsidionis
624 1481 748 1547 genere,
762 1466 833 1525 tum
852 1462 949 1525 ctiam
969 1460 1101 1543 reliquis

80 1560 191 1623 rebus.
238 1554 323 1620 Nam
346 1557 537 1640 quicumque
560 1557 699 1621 alterum
722 1559 868 1622 obsidere
892 1559 998 1622 conat-i
1018 1561 1136 1641 sunta

81 1655 251 1739 perculsos
285 1657 381 1737 atque
416 1654 561 1716 infirmos
597 1654 709 1718 hostes
747 1656 851 1719 adorti
888 1659 944 1717 aut
978 1655 1101 1737 proelio

82 1756 256 1836 superatos
285 1755 340 1814 aut
368 1751 430 1813 elia
458 1772 522 1833 qua
549 1750 724 1815 offensione
747 1754 911 1834 permotos
939 1750 1102 1814 continue-

82 1854 171 1933 runt,
186 1870 260 1911 cum
278 1848 341 1930 ipsi
358 1869 492 1911 numero
507 1848 654 1931 equitum
666 1849 871 1931 militumque
887 1852 1101 1931 praestarent,

82 1967 182 2010 causa
215 1946 324 2007 autem
355 1943 532 2007 obsidionis
564 1944 642 2008 haec
669 1945 735 2008 fere
764 1967 833 2008 esse
860 1945 1035 2028 consuerit,
1064 1947 1101 2006 ut

82 2044 249 2108 frumento
272 2040 383 2105 hostes
408 2041 624 2124 prohiberent.
670 2044 716 2106 At
746 2047 816 2106 tum
839 2043 982 2127 integras
1006 2046 1136 2126 atque3

82 2140 263 2204 incolumes
287 2137 394 2220 copias
414 2135 529 2202 Caesar
548 2140 698 2203 inferiore
721 2140 861 2204 militum
879 2162 1012 2203 numero
1031 2163 1103 2203 con-

83 2237 226 2319 tinebat,
259 2256 332 2298 cum
362 2235 412 2297 illi
444 2236 587 2299 omnium
617 2258 725 2299 rerum
761 2236 853 2319 copia
890 2237 1102 2321 abundarent,

83 2335 204 2402 cotidie
228 2331 314 2395 enim
335 2353 471 2417 maguus
495 2333 636 2416 undique
658 2334 790 2397 navium
812 2355 964 2398 numerus
992 2356 1103 2398 conve-

83 2433 206 2514 niebat,
221 2451 303 2513 quae
316 2433 527 2493 commeatum
547 2434 785 2516 supportarent,
802 2452 906 2514 neque
925 2432 1011 2495 ullus
1026 2431 1103 2495 flare

84 2533 202 2591 ventus
226 2529 363 2611 poteret,
382 2526 462 2609 quin
480 2525 588 2608 aliqua
605 2548 644 2588 ex
662 2531 754 2609 parte
778 2527 951 2590 secundum
974 2549 1102 2591 cursum

84 2624 251 2688 haberent.
288 2621 361 2706 lpse
385 2626 492 2686 autem
515 2625 714 2706 consumptis
738 2624 887 2688 omnibus
910 2624 1005 2708 longe
1026 2623 1103 2688 late·
1122 2639 1138 2685 4

86 2743 147 2805 que
176 2720 348 2784 frumentis
378 2720 511 2783 summis
540 2724 608 2783 erat
636 2720 672 2784 in
695 2722 862 2804 angustiis.
909 2718 972 2785 Sed
994 2723 1136 2785 tament

84 2816 164 2884 haec
188 2816 346 2900 singulari
369 2817 527 2900 patientia
550 2818 670 2881 milites
693 2817 847 2882 ferebant.
884 2817 1103 2882 Recordaban-

86 2918 139 2981 tur
173 2914 260 2979 enim
288 2915 397 2978 eadem
424 2935 457 2976 se
486 2914 651 2996 superiore
680 2936 762 2978 anno
791 2914 826 2978 in
847 2914 1006 2997 Hispania
1035 2936 1103 2997 pcr-

86 3034 199 3094 pessos
222 3011 334 3074 labore
353 3014 385 3074 et
403 3010 561 3093 patientia
580 3013 757 3075 maximum
773 3012 894 3075 bellum
917 3010 1102 3095 confecisse,

87 3111 299 3174 meminerant
322 3108 362 3171 ad
375 3106 519 3170 Alesiam
541 3129 691 3191 magnam
710 3130 744 3171 se
762 3108 905 3190 inopiam
926 3130 1104 3194 perpessos,

86 3208 190 3271 multo
224 3205 322 3268 etiem
352 3203 506 3267 maiorem
540 3204 579 3266 ad
609 3205 797 3287 Avaricum,
828 3205 1040 3267 maximarum
1070 3227 1103 3268 se

87 3303 235 3385 gentium
261 3301 398 3365 victores
428 3300 620 3365 discessisse.
667 3300 744 3365 Non
765 3301 830 3363 illis
853 3300 1009 3365 hordeum
1032 3323 1138 3370 cumo

88 3396 227 3480 daretur,
254 3417 322 3459 non
348 3396 512 3479 legumina
538 3399 743 3482 recusabant3
770 3419 866 3480 pecus
894 3420 984 3482 vero,
1014 3400 1103 3463 cuius

86 3497 132 3559 rei
165 3515 292 3559 summa
325 3497 394 3556 erat
426 3514 465 3556 ex
496 3492 597 3576 Epiro
630 3496 736 3579 copia,
767 3513 884 3576 magno
919 3495 953 3557 in
982 3495 1104 3560 honore

87 3587 261 3656 habebant.
