2584 4075
167 227 209 288 70
517 223 565 277 DE
584 220 701 277 BELLO
721 220 831 276 CIVILI

166 390 267 452 eoque
285 368 359 434 illos
379 366 597 451 compulerim,
614 369 652 430 ut
669 387 775 449 neque
788 364 930 449 pedestri
947 364 1065 430 itinere
1082 386 1191 449 neque

27 506 30 512 ,
114 465 312 550 lunaribus,
338 467 517 531 commeatu
544 463 649 529 iuvari
671 462 820 547 possint?
858 461 928 526 Hac
957 483 1016 527 vos
1040 460 1191 527 Fortuna

166 566 262 647 atque
284 562 336 626 his
360 562 494 626 ducibus
517 559 696 643 repudiatis
713 557 947 625 Corfiniensem
963 558 1190 643 ignominiam

165 658 278 723 ltaliae
301 660 420 744 fugem,
442 655 675 740 Hispaniarum
698 656 895 721 deditionem
918 694 961 702 —
984 654 1091 720 Africi
1109 656 1190 720 belli

115 775 148 825 14
166 756 360 841 praeiudicia
381 794 424 802 —
447 753 632 838 sequimini!
669 752 831 836 Equidem
857 775 909 819 me
932 750 1081 818 Caesaris
1105 754 1190 819 mili-

166 859 232 919 tem
264 853 326 919 dici
358 853 456 937 volui,
486 874 544 917 vos
576 873 627 915 me
654 849 860 934 imperatoris
887 850 1020 915 nomine
1046 851 1190 935 appella-

167 951 268 1015 vistis.
306 950 405 1015 Cuius
425 951 453 1015 si
471 971 530 1013 vos
548 948 702 1033 paenitet,
719 951 864 1011 vestrum
882 948 977 1013 vobis
996 948 1190 1013 beneficium

166 1048 306 1132 remitto,
328 1047 408 1111 mihi
430 1068 538 1114 meum
559 1044 723 1109 restituite
746 1046 936 1130 nomen,'ne
959 1045 1001 1109 ad
1023 1050 1190 1111 contume-

167 1146 244 1211 liam
266 1146 422 1211 honorem
444 1144 569 1209 dedisse
590 1140 785 1207 rideamini.7
1192 1166 1218 1199 ν

133 1261 147 1309 1
233 1241 382 1307 XXXIII.
419 1240 489 1317 Qua
507 1240 653 1305 oratione
671 1239 811 1322 permoti
824 1238 944 1303 milites
959 1240 1075 1304 crebro
1090 1240 1190 1305 etiam

168 1340 325 1403 dicentem
347 1337 605 1422 interpellabant,
632 1340 670 1399 ut
697 1356 816 1420 magno
839 1357 912 1401 cum
935 1336 1048 1402 dolore
1077 1338 1190 1403 infide-

167 1438 270 1502 litatis
303 1437 516 1520 suspicionem
548 1433 707 1498 sustinere
739 1432 939 1517 viderentur,
970 1434 1189 1500 discedentem

167 1554 243 1597 vero
258 1554 297 1597 ex
311 1531 460 1597 contione
473 1529 617 1594 universi
635 1529 857 1618 cohortantur,
874 1551 993 1614 magno
1015 1532 1061 1596 sit
1080 1534 1187 1598 animo

167 1629 283 1707 necubi
319 1628 445 1695 dubitet
477 1627 635 1711 proelium
667 1627 867 1693 committere
898 1632 931 1691 et
964 1650 1060 1693 suam
1092 1631 1187 1696 fidem

134 1728 385 1811 avirtutemque
413 1724 559 1810 experiri.
609 1723 680 1800 Quo
703 1724 789 1789 facto
813 1730 1010 1789 commutata
1042 1729 1186 1793 omnium

168 1831 200 1891 et
227 1827 393 1891 voluntate
421 1828 453 1888 et
483 1820 633 1906 opinione
664 1842 822 1886 consensu
852 1844 985 1888 suorum
1014 1827 1185 1890 constituit

169 1921 277 2008 Curio,
295 1945 366 1987 cum
385 1922 525 2005 primum
543 1919 586 1984 sit
604 1919 681 1983 data
697 1921 853 2004 potestas,
871 1920 995 2004 proelio
1014 1943 1085 1986 rem
1105 1945 1186 1987 eom-

168 2021 310 2105 mittere,
341 2023 535 2105 posteroque
567 2016 618 2082 die
649 2015 824 2100 productos
856 2016 968 2083 eodem
999 2017 1090 2104 loco,
1124 2043 1185 2103 quo

134 2116 389 2200 auuperioribus
413 2115 525 2180 diebus
553 2114 753 2200 constiterat,
779 2114 815 2179 iu
838 2116 904 2178 acie
934 2116 1092 2181 conlocat.
1138 2116 1186 2183 Ne

169 2212 275 2277 Varus
299 2214 427 2297 quidem
451 2211 591 2296 [Attius]
620 2211 747 2276 dubitat
775 2211 883 2294 copias
907 2212 1093 2299 producere,
1121 2215 1188 2279 sive

119 2317 122 2322 ⁴
170 2310 364 2375 sollicitandi
395 2310 513 2373 milites
547 2309 613 2373 sive
645 2331 746 2394 aequo
778 2308 849 2373 loco
883 2309 1056 2374 dimicandi
1094 2313 1189 2377 detur

170 2408 303 2491 occasio,
324 2428 364 2471 ne
387 2407 573 2470 facultatem
595 2406 840 2490 praetermittat.

136 2522 150 2570 1
236 2502 403 2570 XXXIIII.
440 2503 521 2568 Erat
552 2504 646 2567 vallis
679 2504 763 2569 iuter
796 2503 874 2567 duas
903 2504 996 2589 acies,
1023 2509 1061 2568 ut
1090 2529 1189 2591 supra

171 2604 425 2670 demonstratum
448 2606 506 2687 est,
527 2623 594 2666 non
615 2602 663 2666 ita
685 2622 811 2686 magna,
833 2605 867 2665 at
890 2602 1015 2668 difficili
1034 2608 1067 2668 et
1087 2607 1187 2670 arduo

170 2723 311 2768 ascensu.
343 2699 435 2766 Hanc
450 2703 583 2783 uterque
602 2698 631 2764 si
650 2698 905 2764 adversariorum
923 2701 1034 2784 copiae
1047 2704 1188 2768 transire

171 2802 375 2882 conarentur,
407 2797 625 2881 exspectabat,
654 2817 717 2879 quo
746 2796 896 2879 aequiore
924 2797 994 2862 loco
1027 2801 1189 2882 proelium

137 2896 387 2962 acommitteret
530 2892 633 2958 Simul
666 2893 707 2956 ab
740 2893 872 2958 sinistro
906 2917 1006 2961 cornu
1033 2895 1068 2961 P.
1102 2897 1187 2963 Attii

171 2996 334 3080 equitatus
359 2993 462 3056 omnis
486 2996 519 3055 et
541 3014 605 3056 una
623 2991 703 3056 levis
723 2995 902 3055 armaturae
920 2991 1083 3059 interiecti
1104 3018 1188 3060 com-

136 3105 152 3152 3
171 3093 288 3177 plures,
311 3112 383 3156 cum
402 3110 436 3154 se
453 3088 489 3152 in
506 3089 622 3154 vallem
640 3088 855 3173 demitterent,
877 3091 1099 3157 cernebantur.
1135 3093 1188 3157 Ad

172 3212 226 3254 eos
250 3187 347 3253 Ourio
375 3185 556 3270 equitatum
583 3190 615 3249 ot
643 3185 722 3250 duas
750 3185 1007 3251 Marrucinorum
1036 3188 1187 3255 cohortes

207 3286 287 3370 'ttit3
311 3306 449 3368 quorum
471 3281 611 3366 primum
632 3282 790 3365 impetum
808 3283 932 3367 equites
952 3284 1099 3350 hostium
1121 3310 1188 3352 non

171 3383 325 3467 tulerunt,
344 3381 399 3444 sed
417 3379 564 3443 admissis
584 3378 675 3462 equis
699 3379 739 3441 ad
758 3401 834 3445 suos
857 3381 1058 3468 refugum,
1081 3385 1188 3450 relicti

172 3480 212 3544 ab
234 3478 297 3561 his,
319 3478 375 3558 qui
398 3498 461 3539 una
485 3479 710 3557 procurrerant
732 3476 812 3539 levis
836 3482 1027 3563 armaturae,
1054 3480 1188 3546 circum·

172 3571 381 3637 veniebantur
400 3574 496 3651 atque
514 3569 789 3634 interficiebantur
803 3573 843 3636 ab
857 3574 987 3638 nostris.
1025 3575 1101 3642 Huc
1116 3582 1188 3643 tota
