2584 4075
198 226 262 291 106
549 228 597 282 DE
616 228 733 283 BELLO
754 228 863 284 CIVILI

160 391 173 436 1
260 370 473 438 XXXXVHI.
510 373 572 438 Est
597 373 696 436 etiam
719 394 820 459 genus
844 372 959 436 radicis
982 372 1150 435 inventum
1173 368 1215 432 ab

192 469 234 533 iis
253 470 308 552 qui
326 470 455 534 fuerant
472 470 496 554 †
515 470 687 553 1111111111,
707 471 792 553 quod
813 470 993 554 appellatur
1007 467 1112 551 chara,
1126 466 1217 549 quod

198 574 376 639 admixtum
394 575 477 638 lacte
494 574 633 638 multum
650 573 793 656 inopiam
809 572 946 636 levabat.
981 568 1019 634 Id
1036 569 1077 632 ad
1094 567 1210 632 simili·

164 690 179 734 a
198 671 342 736 tudinem
359 670 453 755 panis
471 670 663 735 efficiebant.
698 669 779 734 Eius
798 671 867 732 erat
884 690 1001 753 magna
1018 666 1119 749 copia.
1156 664 1210 728 Ex

193 767 256 832 hoc
274 769 402 834 effectos
421 791 530 855 penes,
548 791 621 834 cum
638 769 674 832 in
693 768 873 852 conloquiis
890 767 1078 852 Pompeiani
1095 768 1216 831 famem

193 866 316 930 nostris
344 867 559 953 obiectarem,
585 867 684 950 vulgo
708 867 743 928 in
773 887 827 930 eos
858 866 1027 949 iaciebant,
1053 869 1092 927 ut
1124 887 1215 949 spem

195 981 305 1024 eorum
327 962 517 1026 minuerent.

161 1077 174 1122 1
261 1056 491 1124 XXXXVHII.
533 1059 667 1144 Iamque
698 1061 861 1125 frumenta
891 1067 1107 1125 maturescere
1137 1059 1216 1122 inei·

195 1154 327 1238 piabant
364 1161 460 1240 atque
492 1158 562 1240 ipsa
594 1179 668 1240 spes
700 1158 843 1241 inopiam
875 1158 1094 1242 sustentabat,
1128 1157 1216 1240 quod

196 1253 340 1317 celeriter
364 1276 398 1317 se
425 1254 595 1319 habituros
624 1254 748 1338 copiam
776 1254 992 1339 confidebant5
1020 1254 1215 1336 crebraeque

196 1371 289 1413 voces
321 1350 463 1413 militum
494 1351 530 1414 in
560 1351 682 1436 vigiliis
721 1351 965 1436 conloquiisque
1001 1351 1215 1415 audiebantur

196 1447 286 1530 prius
310 1468 344 1510 se
361 1447 480 1511 cortice
498 1469 537 1511 ex
555 1448 726 1512 arboribus
745 1448 897 1533 victuros,
915 1471 1013 1534 quam
1025 1448 1214 1532 Pompeium

162 1559 214 1606 te
245 1542 393 1606 manibus
426 1543 623 1608 dimissuros.
679 1545 833 1610 Libenter
864 1546 962 1610 etiam
993 1567 1032 1610 ex
1069 1547 1213 1631 perfugis

196 1640 432 1725 cognoscebant
455 1662 554 1724 equos
578 1662 690 1706 eorum
713 1665 802 1726 aegre
824 1643 965 1728 tolerari,
988 1643 1114 1727 reliqua
1138 1665 1211 1707 vero

196 1739 338 1802 iumenta
357 1738 520 1822 interisse3
538 1738 588 1802 uti
607 1743 715 1803 autem
732 1740 822 1824 ipsos
841 1740 1023 1804 valetudine
1041 1762 1110 1805 non
1130 1741 1212 1805 bona

197 1859 268 1900 oum
291 1837 449 1921 angustiis
473 1835 537 1899 loci
559 1840 591 1900 et
615 1836 713 1901 odore
735 1841 841 1902 taetro
865 1859 903 1901 ex
930 1838 1144 1902 multitudine
1165 1860 1212 1902 oa·

198 1933 349 1997 daverum
372 1937 404 1998 et
426 1932 595 1998 cotidianis
617 1932 795 2018 laboribus,
817 1934 962 1999 insuetos
982 1956 1126 2020 operum,
1144 1940 1212 1999 tum

163 2045 299 2114 eaquae
330 2053 455 2095 summa
486 2030 597 2113 inopia
626 2030 777 2095 adfectos.
824 2030 938 2096 Omnia
967 2031 1053 2095 enim
1080 2031 1212 2097 flumina

198 2131 294 2210 atque
322 2149 431 2191 omnes
460 2128 557 2212 rivos,
585 2127 641 2212 qui
670 2128 708 2191 ed
736 2150 823 2192 mare
850 2128 1064 2214 pertinebant,
1098 2127 1212 2194 Caesar

198 2228 253 2287 aut
277 2228 436 2288 averterat
459 2229 515 2287 aut
538 2225 664 2309 magnis
693 2225 844 2308 operibus
873 2227 1090 2312 obstruxerat,
1118 2232 1212 2312 atque

198 2324 235 2384 ut
258 2324 348 2385 eraut
376 2321 446 2385 loca
473 2325 645 2385 montuosa
674 2325 705 2384 et
733 2323 836 2386 instar
864 2344 1015 2407 specuum
1046 2325 1213 2409 angustiae

198 2415 339 2500 vellium,
361 2415 420 2481 has
445 2417 576 2481 sublicis
603 2418 640 2481 in
666 2422 787 2483 terram
814 2420 961 2484 demissis
991 2425 1213 2504 praesepserat

162 2518 379 2598 4terramque
412 2515 606 2599 adgesserat‚
637 2519 675 2578 ut
703 2537 819 2599 aquam
846 2518 1033 2581 contineret.
1083 2517 1136 2582 Ita
1163 2519 1211 2582 illi

197 2612 375 2676 necessario
407 2611 478 2676 loca
506 2613 597 2695 sequi
626 2613 763 2676 demissa
792 2635 828 2676 ac
854 2614 1013 2696 palustria
1035 2619 1068 2679 et
1099 2619 1211 2699 puteos

197 2709 305 2773 fodere
333 2709 531 2794 cogebantur
564 2714 661 2793 atque
693 2709 779 2774 huno
810 2711 954 2775 laborem
983 2712 1022 2775 ad
1053 2712 1213 2776 cotidiana

198 2827 295 2889 opera
319 2806 491 2891 addebant3
515 2807 570 2890 qui
593 2810 703 2871 tamen
725 2807 831 2872 fontes
860 2831 879 2872 1
902 2808 1097 2891 quibusdam
1126 2830 1213 2892 prae

199 2904 288 2967 sidiis
303 2904 436 2967 aberant
454 2903 584 2988 longius
603 2907 636 2966 et
655 2902 799 2967 celeriter
817 2905 959 2969 aestibus
978 2905 1211 2970 excrescebant.

163 3001 242 3063 tAt
266 2998 412 3064 Caesaris
436 3000 594 3063 exercitus
622 3021 691 3063 cum
719 3001 841 3083 optima
864 3002 1048 3066 valetudiue
1079 3025 1213 3067 summa·

198 3118 260 3180 que
278 3119 379 3181 aquae
397 3097 490 3180 copia
507 3096 670 3180 utebatur,
688 3101 759 3160 tum
777 3102 972 3163 commeatus
991 3099 1080 3163 omni
1099 3120 1213 3185 genere

197 3198 323 3278 praeter
342 3194 540 3258 frumentum
559 3193 757 3279 abundabat3
781 3195 899 3278 quibus
920 3197 1075 3277 anqustiis
1098 3196 1213 3260 cotidie

197 3291 311 3354 melius
336 3291 502 3355 succedere
525 3294 653 3374 tempus
676 3291 893 3374 maioremque
912 3313 1002 3375 spem
1026 3293 1214 3357 maturitate

198 3387 434 3451 frumentorum
457 3389 595 3472 proponi
618 3386 778 3452 videbant.

166 3501 179 3546 1
266 3481 301 3545 L.
337 3482 377 3545 In
394 3505 479 3556 novo
498 3505 613 3570 genere
632 3484 710 3547 belli
727 3506 829 3550 novae
848 3485 888 3549 ab
908 3487 1055 3570 utrisque
1074 3488 1214 3552 bellandi

200 3577 342 3640 rationes
370 3582 619 3663 reperiebantur.
666 3580 719 3643 llli
747 3604 819 3645 cum
847 3584 1149 3725 animadveqtissent
1177 3608 1215 3649 ex
