2584 4075
203 253 246 318 84
554 256 603 310 Dll
622 254 739 310 BELLO
759 255 868 311 CIVILI

202 400 380 464 necessario
417 400 530 485 populi
562 404 757 484 senatusque
795 400 912 464 iudicio
944 399 1013 464 fore
1043 402 1217 482 utrumque

151 516 183 563 11
204 500 398 562 contentum.
444 496 532 562 Haec
558 519 623 581 quo
651 497 778 568 facilius
805 495 959 580 Pompeio
986 495 1118 579 probari
1145 515 1217 578 pos·

204 599 285 679 sent,
308 615 417 658 omnes
437 616 511 659 anas
529 597 699 659 terrestres
718 594 826 677 copias
845 594 1037 677 urbiumque
1052 592 1218 674 pracsidio

203 692 310 755 atatim
330 712 363 756 ae
385 692 599 757 dimissurum.

170 809 183 855 1
269 786 324 852 XI.
360 786 526 852 Vibullius
550 787 628 873 [his]
654 787 819 871 expositus
843 785 1002 869 Corcyrae
1022 807 1090 851 non
1109 785 1218 849 minus

204 886 418 951 necessarium
441 908 509 950 esse
533 885 729 950 existimavit
747 885 786 948 de
802 884 971 968 repentino
990 884 1129 948 adventu
1143 880 1219 948 (111
1276 898 1277 963 j

205 980 286 1045 saris
312 980 501 1066 Pompeium
526 982 597 1046 fieri
625 982 806 1066 certiorem,
832 981 883 1045 uti
911 981 951 1044 ad
983 980 1018 1046 id
1049 979 1219 1044 consilium

204 1099 315 1160 capere
337 1083 457 1164 posset,
483 1083 656 1163 antequam
682 1078 907 1143 demandatis
934 1078 988 1164 agi
1017 1078 1220 1161 inciperetur,

186 1179 302 1260 -atque
328 1177 400 1241 ideo
429 1178 617 1242 continuato
643 1179 771 1240 noctem
798 1197 835 1239 ac
866 1176 949 1239 diem
976 1175 1093 1239 itinere
1123 1178 1219 1258 atque
1276 1238 1277 1249 ,

206 1274 354 1338 omnibus
370 1274 496 1359 oppidis
505 1275 639 1339 mutatis
654 1274 694 1337 ad
707 1273 903 1338 celeritatem
912 1271 1065 1336 iumentis
1079 1269 1219 1334 adPom·
1276 1292 1277 1309 ¹

171 1371 312 1453 apeium
335 1356 508 1456 contendit,
529 1375 567 1435 ut
589 1371 699 1435 adesse
713 1368 883 1435 Caesarem
908 1369 1082 1433 nuntiaret.
1127 1366 1219 1432 Pom-

160 1526 163 1531 ,
205 1466 296 1550 peius
320 1471 389 1531 erat
416 1489 453 1532 eo
483 1472 628 1552 tempore
654 1469 689 1531 in
716 1465 877 1532 Candavia
904 1467 1029 1551 iterque
1056 1488 1095 1530 ex
1119 1465 1219 1528 Mace-

207 1565 302 1630 donia
323 1565 359 1628 in
379 1565 515 1630 hiberna
536 1564 744 1648 Apolloniam
766 1562 1044 1648 Dyrrachiumque
1068 1562 1218 1627 habebat.

207 1659 269 1726 Sed
290 1683 432 1727 renova
453 1661 662 1747 perturbatus
684 1662 861 1726 maioribus
887 1661 1058 1725 itineribus
1089 1661 1218 1745 Apollo·

205 1759 294 1822 niam
315 1763 424 1842 petere
447 1758 562 1842 coepit,
581 1778 623 1822 ne
637 1755 754 1822 Caesar
778 1780 852 1823 orae
869 1758 1050 1822 maritimae
1072 1758 1216 1823 civitates

173 1877 188 1923 a
208 1860 384 1939 occuparet.
421 1855 467 1921 At
485 1856 539 1919 ille
557 1855 713 1938 expositis
725 1856 886 1946 militibus
901 1855 1012 1920 eodem
1024 1855 1076 1920 die
1090 1854 1217 1920 Oricum

206 1952 427 2036 proficiscitur.
482 1950 553 2028 Quo
584 1973 658 2016 cum
688 1954 842 2039 venisset,
873 1951 908 2017 L.
936 1952 1136 2037 Torquatus,
1165 1953 1216 2037 qui

206 2051 297 2115 iussu
319 2049 452 2134 Pompei
475 2051 592 2134 oppido
615 2055 762 2134 praeerat
788 2051 1047 2134 praesidiumque
1076 2050 1126 2115 ibi
1147 2049 1216 2115 Par-

206 2146 373 2210 thinorum
394 2146 545 2231 habebat,
567 2150 701 2210 conatus
724 2148 828 2231 portis
852 2147 969 2212 clausis
992 2148 1150 2231 oppidum
1171 2148 1215 2210 de-

172 2243 344 2327 41111111,
374 2264 447 2307 cum
479 2241 617 2307 Graecos
649 2266 777 2307 murum
809 2245 976 2309 ascendere
1003 2249 1102 2328 atque
1135 2267 1216 2309 arma

208 2360 319 2423 capere
345 2339 480 2424 iuberet,
507 2340 556 2402 illi
584 2344 692 2404 autem
719 2362 754 2405 se
776 2345 888 2415 contra
915 2342 1086 2425 imperium
1108 2342 1217 2427 populi

207 2436 345 2501 Romani
370 2440 571 2521 pugnaturos
593 2440 759 2521 negarent,
781 2439 933 2522 oppidani
956 2438 1092 2523 [autem]
1126 2441 1217 2503 etiam

208 2557 266 2598 sua
298 2537 412 2617 sponte
444 2531 612 2599 Caesarem
643 2534 782 2618 recipere
809 2539 1016 2619 conarentur,
1043 2535 1216 2620 desperatis

207 2631 357 2697 omnibus
381 2630 509 2708 auxiliis
536 2635 648 2715 portas
676 2631 802 2714 aperuit
830 2634 862 2695 et
886 2653 920 2695 se
947 2636 1043 2715 atque
1067 2633 1218 2717 oppidum

208 2728 338 2794 Caesari
360 2728 480 2792 dedidit
503 2728 735 2812 incolumisque
758 2727 798 2792 ab
822 2749 859 2793 10
883 2732 1092 2793 conservatus
1119 2735 1176 2794 est.

174 2849 187 2894 1
273 2825 345 2891 ΧΠ.
381 2824 522 2910 Recepto
546 2824 663 2890 Caesar
686 2823 780 2889 Orico
803 2825 893 2889 nulla
914 2826 1110 2908 interposita
1131 2850 1218 2892 mora

207 2923 414 3008 Apolloniam
432 2923 655 3006 proficiscitur.
686 2922 767 2986 Eius
782 2922 920 2985 adventu
935 2922 1045 2985 audito
1059 2921 1095 2987 L.
1111 2921 1218 2988 Stabe

207 3022 289 3106 rius,
321 3020 377 3103 qui
407 3019 455 3083 ibi
486 3024 645 3104 praeerat,
677 3040 792 3102 aquam
824 3023 1025 3103 comportare
1052 3020 1089 3083 in
1117 3043 1218 3086 arcem

208 3123 304 3201 atque
319 3138 387 3179 eam
405 3114 530 3179 mrmire
549 3115 740 3199 obsidesque
754 3116 793 3179 ab
810 3115 1075 3200 Apolloniatibus
1095 3120 1219 3203 exigere

173 3214 322 3297 accepit.
366 3211 420 3275 1111
442 3233 518 3276 vero
541 3212 673 3293 daturos
697 3234 731 3276 se
752 3233 871 3297 negare
887 3233 991 3295 neque
1013 3217 1127 3296 portas
1149 3235 1219 3278 con·

208 3311 272 3374 suli
285 3309 508 3393 praeclusuros
525 3330 629 3392 neque
647 3309 710 3372 sibi
727 3307 881 3373 iudicium
899 3313 1085 3392 sumpturos
1101 3316 1219 3394 contra,

208 3412 305 3488 atque
332 3405 436 3469 omnis
462 3404 558 3469 Italia
584 3403 787 3489 populusque
814 3405 979 3470 Romanus
1006 3407 1217 3473 iudicavisset.

174 3500 352 3580 aQuorum
383 3502 511 3584 cognita
547 3502 715 3565 voluntate
750 3502 832 3565 clam
868 3504 1013 3588 profugit
1045 3503 1218 3589 Apollonia

210 3590 383 3657 Staberius,
419 3594 474 3657 Illi
497 3595 537 3658 ad
550 3593 719 3659 Caesarem
740 3598 865 3681 legatos
883 3602 1019 3664 mittunt
1039 3603 1218 3685 oppidoque

605 3837 756 3863 »⁴⁴'‘”'x

757 3865 775 3970 l
821 3963 830 3974 .
