2584 4075
370 250 481 305 COMM.
499 251 533 305 ΙΙ.
572 251 648 305 CAP.
669 250 857 305 XVIII-XX.
1080 250 1120 313 61

105 397 308 479 edictumque
322 396 509 481 praemittit,
519 395 558 460 ad
572 418 670 479 quam
685 397 770 459 diem
783 395 994 480 magistratus
1008 396 1123 479 princi·

106 515 224 577 pesque
248 493 393 557 omnium
415 493 582 557 civitatum
610 493 674 557 sibi
701 514 770 556 esse
799 496 927 575 praesto
956 491 1123 557 Cordubae

106 593 209 656 vellet.
248 589 319 666 Quo
343 590 444 655 edicto
468 594 539 655 tota
557 590 722 674 provincia
741 591 931 674 pervulgato
954 590 1044 653 nulla
1059 590 1157 657 suita

106 689 230 774 civitae,
253 688 333 770 quin
356 688 395 751 ad
421 688 454 751 id
482 693 608 772 tempus
633 692 758 771 partem
786 692 916 751 senatus
940 683 1124 752 Cordubam

106 787 265 870 mitteret,
296 806 363 849 non
394 785 472 849 civis
500 784 666 849 Romanus
699 785 795 867 paulo
823 784 946 869 notior,
974 784 1052 867 quin
1083 783 1123 846 ad

107 886 191 949 diem
205 882 397 947 conveniret.
434 880 538 946 Simul
551 882 620 967 ipse
640 879 807 946 Cordubae
826 886 1000 946 conventus
1015 903 1072 966 per
1087 903 1120 944 se
1141 904 1157 949 3

107 985 218 1065 portas
233 979 373 1045 Varroni
392 981 517 1065 clausit,
535 980 697 1044 custodias
716 979 909 1064 vigiliasque
927 980 962 1042 in
978 978 1122 1041 turribus

107 1100 264 1162 muroque
287 1078 454 1164 disposuit,
482 1077 631 1142 cohortes
660 1077 748 1162 duas,
776 1099 857 1159 quae
888 1076 1048 1140 colonicae
1072 1098 1124 1159 ap·

108 1177 322 1261 pellabantur,
339 1198 411 1240 cum
429 1197 466 1240 eo
486 1198 561 1240 casu
580 1175 752 1260 venissent,
770 1175 881 1237 tuendi
900 1173 1009 1256 oppidi
1028 1195 1124 1238 causa

109 1275 193 1359 apud
217 1295 251 1337 se
273 1273 415 1337 retinuit.
452 1272 558 1338 Isdem
581 1270 695 1335 diebus
710 1269 950 1357 Carmonenses,
974 1274 1123 1353 quaeest
1142 1291 1158 1336 4

108 1373 205 1456 longe
240 1370 425 1434 firmissima
460 1371 563 1434 totius
600 1370 782 1454 provinciae
818 1369 947 1455 civitas,
980 1369 1122 1432 deductis

108 1468 215 1532 tribus
233 1467 269 1530 in
286 1488 390 1531 arcem
409 1466 519 1552 oppidi
537 1467 724 1532 cohortibus
749 1490 768 1530 a
790 1465 935 1531 Varrone
953 1467 1122 1550 praesidio,

109 1589 165 1650 per
189 1587 223 1629 se
245 1564 394 1629 cohortes
417 1563 509 1627 eiecit
532 1569 708 1648 portasque
731 1563 915 1648 praeclusit.

175 1661 246 1727 XX.
282 1660 354 1726 Hoc
384 1683 459 1726 vcro
492 1663 595 1746 magis
627 1683 798 1745 properare
829 1659 950 1746 Varro,
982 1665 1035 1734 ut,
1051 1681 1156 1726 cumr

109 1760 292 1846 legionibus
317 1780 412 1842 quam
434 1759 574 1842 primum
588 1757 692 1823 Gades
716 1758 929 1842 contenderet,
947 1779 987 1821 ne
1009 1758 1123 1821 itinere

110 1861 166 1922 aut
188 1857 326 1920 traiectu
347 1856 626 1939 intercluderetur,
656 1858 748 1918 tanta
776 1875 812 1917 ac
834 1857 902 1917 tam
932 1854 1068 1918 secunda
1089 1854 1125 1917 in

110 1954 279 2021 Caesarem
300 1954 450 2037 voluntas
473 1954 654 2037 provinciae
677 1951 905 2034 reperiebatur.
946 1949 1158 2035 Progressoa

110 2055 139 2119 ei
161 2053 259 2137 paulo
276 2052 406 2137 longius
424 2052 552 2116 litterae
566 2049 709 2115 Gadibus
728 2048 914 2135 redduntur,
931 2049 1124 2134 simulatque

110 2151 154 2215 sit
176 2149 343 2233 cognitum
365 2149 403 2212 de
427 2148 529 2213 edicto
551 2146 707 2234 Caesaris,
730 2146 929 2211 consensisse
948 2145 1123 2212 Gaditanos

110 2248 271 2331 principes
298 2268 377 2314 cum
397 2245 537 2310 tribunis
566 2245 757 2330 cohortium,
785 2266 866 2328 quae
888 2248 995 2309 essent
1021 2244 1068 2307 ibi
1090 2244 1125 2307 in

110 2343 279 2430 praesidio,
301 2346 339 2406 ut
362 2341 548 2406 Gallonium
570 2364 608 2406 ex
632 2342 750 2427 oppido
783 2341 986 2428 expellerent,
1012 2343 1125 2406 urbem

110 2440 312 2523 insulamque
327 2437 455 2503 Caesari
471 2442 642 2512 servarent.
676 2438 748 2503 Hoc
760 2438 842 2502 inito
858 2439 991 2503 consilio
1007 2439 1125 2503 denun·
1144 2458 1159 2505 3

110 2538 242 2601 tiarisse
274 2533 438 2622 Gallonio,
469 2540 506 2599 ut
538 2558 597 2600 sua
624 2541 752 2620 sponte,
780 2536 856 2600 dum
884 2536 952 2600 sine
982 2536 1124 2619 periculo

110 2634 231 2717 liceret,
257 2631 419 2695 excederet
447 2629 604 2716 Gadibus3
632 2634 661 2697 si
689 2633 722 2696 id
748 2654 815 2696 non
842 2634 978 2717 fecisset,
1007 2653 1039 2696 sc
1062 2633 1124 2696 sibi

110 2729 281 2796 consilium
303 2734 461 2812 capturos.
507 2727 578 2808 Hoc
588 2731 717 2818 Q
740 2730 911 2794 adductum
937 2727 1123 2793 Gallonium

111 2826 255 2892 Gadibus
274 2826 437 2891 excessise.
473 2825 534 2890 His
552 2827 692 2910 cognitis
711 2826 807 2890 rebus
827 2827 928 2890 altera
946 2847 985 2888 ex
999 2824 1122 2888 duabus
1143 2845 1160 2892 4

110 2923 302 3010 legionibus,
321 2945 401 3007 quae
419 2923 588 2988 remacula
606 2923 837 3008 appellabatur,
856 2946 894 2987 ex
913 2922 1027 2986 castris
1046 2920 1125 2985 Var-

111 3023 198 3086 ronis
222 3021 369 3084 adstante
392 3025 425 3084 et
447 3022 646 3105 inspectante
669 3021 740 3103 ipso
765 3021 858 3104 signa
887 3018 1019 3083 sustulit
1043 3041 1125 3084 sese-

112 3140 173 3202 que
194 3116 357 3200 Hispalim
378 3119 497 3201 recepit
521 3122 617 3202 atque
639 3118 673 3182 in
697 3119 768 3183 foro
792 3124 824 3182 et
847 3117 1027 3201 porticibus
1057 3118 1125 3181 sine

111 3215 266 3279 maleficio
290 3214 441 3279 consedit.
487 3214 578 3291 Quod
600 3216 722 3279 factum
744 3216 821 3278 adeo
850 3215 918 3278 eius
948 3218 1124 3278 conventus
1144 3233 1160 3279 5

110 3313 195 3376 cives
218 3310 356 3375 Romani
379 3312 676 3397 comprobaverunt,
698 3315 735 3375 ut
758 3313 887 3376 domum
915 3310 955 3373 ad
982 3331 1016 3373 se
1040 3312 1125 3394 quis-

113 3430 174 3491 que
190 3408 334 3491 hospitio
353 3408 556 3491 cupidissime
579 3409 740 3492 reciperet.
788 3407 912 3482 Quibus
936 3407 1032 3470 rebus
1057 3428 1160 3490 per-s

111 3503 243 3568 territus
274 3502 393 3590 Verre,
430 3527 503 3569 cum
534 3506 648 3570 itinere
685 3527 837 3569 converso
874 3526 942 3568 sese
978 3503 1126 3570 Italicam

112 3605 282 3665 venturum
304 3601 530 3689 praemisisset,
555 3603 671 3667 certior
695 3602 735 3665 ab
755 3602 821 3665 suis
840 3601 944 3665 factus
968 3607 1017 3666 est
1036 3626 1125 3687 prae-

526 3925 537 3964 t

1286 3577 1288 3686 l

1285 3689 1288 3836 l
