2584 4075
361 247 472 304 COMM.
492 249 512 302 Ι.
550 249 626 305 ΟΑΡ.
646 250 857 307 XXVI—XXX.
1070 255 1111 316 19

97 395 196 475 atque
210 391 315 475 ipsius
329 389 462 475 Pompei
478 396 679 459 contumeliis
697 396 836 479 permoti
853 394 997 461 Caesaris
1015 398 1110 462 rebus

96 489 261 552 favebant.
307 487 421 571 Itaque
448 491 577 574 cognita
603 491 737 578 Pompei
764 494 960 577 profectione
983 506 1145 558 concur-2

97 587 249 651 sentibus
272 586 338 649 illis
357 589 453 669 atque
475 588 510 650 in
533 610 569 652 ea
591 611 626 653 re
650 591 811 673 occupatis
834 590 932 674 vulgo
956 612 994 654 ex
1017 592 1110 654 tectis

97 684 334 769 significabant.
371 681 431 746 Per
454 706 535 767 quos
553 707 588 748 re
606 688 735 772 cognita
750 686 866 751 Caesar
885 688 986 751 scalas
1004 688 1111 771 parari

94 782 284 863 militesque
303 779 420 843 armari
438 779 540 866 iubet,
561 804 601 846 ne
621 806 717 867 quam
734 785 782 849 rei
804 785 957 869 gerendae
980 785 1111 848 faculta-

95 883 162 943 tem
181 877 336 941 dimittat.
372 875 543 961 Pompeius
567 880 627 943 sub
649 886 776 948 noctem
793 904 890 946 nares
910 882 1015 946 solvit.
1048 880 1110 956 Qui
1128 893 1144 940 3

94 980 188 1040 erant
208 976 245 1038 in
262 996 355 1038 muro
374 976 536 1039 custodiae
555 999 650 1041 causa
668 980 835 1064 conlocati,
849 1002 885 1043 eo
905 980 1008 1066 sign0,
1025 979 1110 1063 quod

94 1076 305 1158 convenerat,
337 1076 527 1136 revocantur
558 1075 708 1158 notisque
740 1077 908 1140 itineribus
942 1076 982 1139 ad
1011 1098 1107 1139 nares

94 1173 280 1236 decurrunt.
316 1168 437 1232 Milites
461 1170 576 1252 positis
600 1173 694 1235 scalis
717 1194 825 1237 muros
849 1173 1032 1258 ascendunt,
1055 1173 1109 1235 sed
1128 1185 1144 1231 4

94 1269 215 1334 moniti
248 1289 267 1330 a
298 1265 515 1352 Brundisinis,
546 1272 582 1331 ut
625 1269 746 1332 vallum
782 1290 908 1333 caecum
943 1270 1109 1352 fossasque

94 1369 241 1451 caveant,
265 1363 448 1427 subsistunt
466 1367 498 1426 et
516 1363 614 1449 longo
633 1366 747 1429 itinere
770 1365 810 1428 ab
828 1365 880 1429 his
903 1365 1110 1430 circumducti

95 1464 134 1529 ad
157 1467 294 1548 portum
319 1460 509 1544 perveniunt
540 1461 681 1546 duasque
709 1484 806 1526 nares
839 1485 911 1526 cum
941 1463 1110 1549 militibus,

96 1584 178 1645 quae
202 1560 243 1624 ad
265 1559 365 1622 moles
390 1555 535 1622 Caesaris
559 1559 777 1646 adhaeserant
800 1560 926 1644 scaphis
944 1560 1109 1624 lintribus·

97 1682 158 1744 que
182 1656 434 1741 deprehendunt,
456 1654 666 1738 deprehensas
690 1659 860 1741 excipiunt.

161 1752 331 1822 XXVIIII.
369 1750 485 1817 Caesar
512 1754 637 1817 etsi'ad
665 1778 753 1839 spem
778 1755 964 1820 conficiendi
985 1754 1108 1838 negotii
1130 1771 1140 1815 1

97 1856 237 1919 maxime
255 1851 414 1935 probabat
433 1850 550 1913 coactis
564 1852 701 1915 navibus
715 1874 802 1916 mare
816 1853 953 1915 transire
972 1856 1004 1914 et
1017 1851 1109 1914 Pom·

97 1953 206 2039 peium
230 1950 331 2035 sequi,
352 1949 540 2032 priusquam
562 1947 617 2012 ille
640 1971 708 2013 sese
731 1949 952 2012 transmarinis
981 1948 1108 2011 auxiliis

97 2052 317 2134 confirmaret,
345 2051 453 2110 tamen
485 2047 552 2109 eius
580 2047 627 2109 rei
653 2069 777 2110 moram
803 2047 1019 2130 temporisque
1041 2046 1108 2109 lon·

98 2149 315 2236 ginquitatem
346 2144 494 2228 timebat,
526 2143 611 2226 quod
643 2145 791 2208 omnibus
824 2143 942 2208 coactis
972 2144 1108 2207 navibus

97 2246 271 2330 Pompeius
290 2244 490 2326 praesentem
506 2240 693 2304 facultatem
710 2242 897 2327 insequendi
920 2242 971 2305 sui
990 2242 1108 2305 ademe-

98 2350 157 2410 rat.
203 2339 468 2424 Relinquebatur,
489 2341 526 2401 ut
554 2360 592 2401 ex
619 2338 900 2423 longinquioribus
923 2338 1108 2422 regionibus
1128 2352 1142 2397 2

100 2442 224 2507 Galliae
237 2437 409 2519 Picenique
431 2439 463 2499 et
482 2459 500 2499 a
522 2436 605 2499 freto
627 2458 724 2499 nares
748 2439 854 2499 essent
872 2428 1108 2519 exspectandae.

97 2540 137 2604 Id
159 2539 293 2623 propter
316 2533 391 2598 anni
409 2537 535 2616 tempus
554 2532 688 2616 longum
707 2537 803 2616 atque
821 2533 1009 2615 impeditum
1027 2533 1109 2595 ride·
1228 2590 1230 2594 Α

99 2637 204 2700 batur.
241 2631 368 2695 Interea
390 2634 529 2693 veterem
551 2630 734 2715 exercitum,
753 2631 830 2693 duas
844 2628 1019 2712 Hispanias
1038 2650 1109 2692 con·
1128 2642 1143 2687 3

98 2732 232 2816 firmari,
255 2747 390 2812 quarum
413 2730 481 2789 erat
504 2726 603 2789 altera
625 2727 773 2790 maximis
796 2726 957 2790 beneficiis
978 2725 1110 2809 Pompei

99 2831 257 2911 devincta,
279 2825 407 2909 auxilia,
429 2824 607 2906 equitatum
630 2826 747 2910 parari,
760 2823 898 2888 Galliam
918 2823 1110 2906 Italiamque

98 2925 253 3011 temptari
277 2945 310 2987 se
333 2922 463 2986 absente
485 2920 624 2984 nolebat.

166 3020 266 3087 XXX.
303 3020 416 3102 Itaque
439 3019 473 3081 in
495 3018 675 3101 praesentia
692 3016 824 3099 Pompei
843 3016 994 3098 sequendi
1013 3015 1109 3078 ratio·
1129 3033 1142 3074 1

98 3144 173 3185 nem
196 3118 330 3201 omittit,
350 3116 387 3179 in
407 3114 597 3197 Hispaniam
619 3114 778 3198 proficisci
800 3113 978 3197 constituit,
1001 3112 1110 3174 duum-

99 3218 178 3282 viris
211 3213 458 3296 municipiorum
491 3212 633 3275 omnium
663 3211 813 3295 imperat,
844 3213 881 3270 ut
912 3230 1008 3271 naves
1039 3229 1110 3271 con·

101 3313 232 3397 quirant
259 3309 528 3392 Brundisiumque
556 3309 750 3371 deducendas
778 3309 896 3369 curent.
942 3305 1047 3368 Mittit
1075 3306 1143 3369 1111

101 3409 282 3474 Sardiniam
304 3429 376 3470 cum
397 3406 522 3490 legione
544 3428 608 3468 una
626 3404 791 3468 Valerium
808 3402 960 3487 legatum,
983 3401 1018 3464 in
1034 3399 1110 3465 Sici·

101 3508 177 3572 liam
191 3505 364 3571 Curionem
382 3525 440 3587 pro
455 3506 600 3586 praetore
619 3524 692 3565 curn
704 3498 885 3587 legionibus
900 3516 954 3582 1113
969 3499 1110 3585 eundem,

101 3625 172 3669 cum
196 3602 340 3668 Siciliam
361 3600 541 3684 recepisset,
562 3600 710 3681 protinus
729 3598 763 3659 in
781 3594 923 3658 Africam
945 3596 1108 3661 traducere

860 3698 895 3748 28
