2584 4075
192 266 234 331 82
543 267 591 321 DE
611 267 727 323 BELLO
748 267 857 323 CIVILI

190 412 318 496 lateque
354 413 511 478 classibus
545 412 725 498 occupavit,
762 412 980 495 custodiisque
1017 408 1208 494 diligentius

192 508 357 592 dispositis
381 510 451 594 ipse
474 510 664 595 gravissima
686 510 791 574 hieme
817 511 852 573 in
878 509 1015 572 navibus
1046 505 1207 571 excubans

191 627 294 689 neque
329 607 433 671 ullum
469 608 613 672 laborem
649 611 705 671 aut
741 627 858 671 munus
893 604 1069 688 despiciens
1103 622 1209 687 neque

193 702 372 768 subsidium
390 708 587 789 exspectans,
606 704 634 768 si
652 704 687 767 in
701 701 847 768 Caesaris
871 705 1077 784 conspectum
1098 700 1210 764 venire
1281 742 1282 747 κ

192 805 335 867 codrantes
357 802 506 882 impedire
528 805 638 884 posset
639 850 833 884 .....
842 803 845 808 ’
880 849 1208 863 .......

159 1016 172 1062 1
259 993 364 1059 VHH.
400 994 553 1060 Discessu
567 994 784 1059 Liburnarum
797 1015 836 1057 er
850 991 980 1075 Illyrico
994 992 1038 1056 M.
1054 990 1209 1057 Octavius

192 1113 265 1155 cum
277 1091 327 1175 iis,
338 1112 418 1175 quas
431 1090 582 1177 habebat,
596 1091 734 1155 navibus
744 1088 878 1154 Salonas
893 1091 1048 1174 pervenit.
1071 1090 1127 1156 Ibi
1137 1113 1209 1156 con-

193 1187 299 1252 citatis
322 1186 481 1252 Dalmatis
504 1188 703 1272 reliquisque
721 1187 868 1251 barbaris
891 1186 995 1251 Issam
1018 1210 1037 1251 a
1061 1185 1209 1252 Caesaris

159 1305 173 1351 a
193 1284 333 1348 amicitia
356 1285 487 1369 avertit3
511 1290 703 1349 conventum
717 1282 908 1349 Salonarum
925 1307 998 1348 cum
1015 1306 1122 1368 neque
1142 1286 1209 1368 pol-

192 1381 426 1445 licitationibus
453 1403 557 1465 neque
586 1381 827 1446 denuntiatione
848 1382 991 1471 ¹periculi
1022 1403 1211 1465 permovere

193 1481 312 1562 posset,
330 1477 484 1560 oppidum
503 1499 690 1563 oppugnare
707 1477 860 1542 instituit.
897 1478 979 1543 Erat
997 1484 1107 1544 autem
1121 1482 1209 1564 oppi-

159 1577 269 1643 3dum
301 1581 333 1641 et
365 1576 429 1641 loci
458 1580 576 1642 natura
608 1580 640 1639 et
668 1596 763 1658 opere
783 1595 903 1657 parum
929 1574 1100 1641 munitum.
1147 1575 1209 1642 Sed

193 1675 336 1740 celeriter
368 1675 451 1739 cives
483 1673 622 1738 Romani
654 1672 769 1756 ligneis
803 1672 923 1736 effectis
955 1673 1102 1737 turribus
1140 1697 1209 1738 sese

192 1772 377 1837 munierunt
391 1776 433 1858 et,
446 1795 519 1837 cnm
533 1774 639 1836 essent
657 1768 777 1833 infirmi
792 1769 832 1832 ad
845 1770 1060 1834 resistendum
1075 1776 1210 1855 propter

192 1869 387 1952 paucitatem
415 1868 584 1933 hominum
614 1866 735 1930 crebris
767 1867 904 1930 confecti
934 1857 1139 1953 vulneribus,
1169 1870 1208 1932 ad

193 1969 370 2030 extremum
393 1966 550 2030 auxilium
572 1963 802 2027 descenderunt
825 1985 998 2048 servosque
1022 1986 1135 2029 omnes
1153 1989 1207 2051 pu-

192 2062 284 2127 beres
320 2064 540 2128 liberaverunt
576 2066 608 2126 et
643 2061 816 2145 praesectis
854 2061 996 2126 omnium
1036 2064 1207 2128 mulierum

157 2159 334 2226 acrinibus
357 2163 519 2225 tormenta
542 2159 721 2224 effecerunt.
758 2156 902 2233 Quorum
930 2158 1061 2243 cognita
1084 2166 1209 2225 senten-

192 2255 239 2319 tia
262 2255 413 2320 Octavius
437 2257 544 2340 quinis
568 2256 682 2319 castris
706 2256 859 2339 oppidum
885 2255 1094 2321 circumdedit
1113 2262 1210 2344 atque

193 2373 256 2416 uno
274 2356 419 2435 tempore
438 2352 604 2417 obsidione
622 2355 655 2415 et
673 2353 969 2437 oppugnationibus
990 2374 1044 2417 eos
1064 2376 1211 2438 premere

158 2448 306 2533 accepit.
342 2448 396 2512 llli
420 2449 526 2513 omnia
549 2449 673 2532 perpeti
695 2449 801 2532 parati
817 2450 956 2513 maxime
974 2473 993 2514 a
1015 2451 1210 2517 1111111111-

191 2546 275 2609 taria
296 2545 496 2609 laborabant.
542 2542 603 2609 Oui
624 2546 671 2609 rei
693 2546 801 2609 missis
825 2546 865 2610 ad
893 2545 1063 2611 Caesarem
1090 2549 1210 2635 legatis

193 2642 347 2707 auxilium
370 2641 409 2706 ab
434 2663 471 2706 eo
494 2642 660 2728 petebant3
683 2643 815 2728 reliqua,
837 2647 882 2707 ut
902 2647 1064 2730 poterant,
1090 2646 1211 2712 incom-

157 2762 173 2808 1
192 2741 286 2804 moda
308 2761 365 2823 per
388 2760 422 2802 se
445 2739 655 2804 sustinebant.
697 2740 742 2803 Et
764 2741 864 2825 longo
887 2740 1082 2824 interposito
1102 2745 1211 2828 spatio

192 2858 265 2901 cum
287 2836 481 2900 diuturnitas
505 2837 756 2922 oppugnationis
778 2838 1036 2923 neglegentiores
1064 2837 1210 2906 Octavia·

191 2955 251 2998 nos
287 2933 457 3018 effecisset,
492 2934 581 2997 nacti
612 2934 810 2998 occasionem
847 2935 1016 2999 meridiani
1052 2939 1210 3024 temporis

192 3032 334 3095 discessu
361 3051 472 3095 eorum
498 3030 606 3114 pueris
628 3031 881 3115 mulieribusque
905 3032 941 3095 in
960 3055 1053 3097 muro
1074 3036 1208 3120 disposi-

191 3128 245 3212 tis,
260 3149 302 3191 ne
321 3125 398 3209 quid
415 3126 594 3190 cotidianae
616 3129 855 3192 consuetudinis
874 3129 1122 3218 desideraretur,
1145 3134 1209 3217 ipsi

191 3224 395 3289 manufacta
418 3244 490 3286 cum
512 3223 563 3308 iis,
587 3245 668 3306 quos
690 3245 792 3307 nuper
819 3226 957 3289 maxime
983 3226 1211 3315 liberaverant,

158 3342 172 3389 7
192 3323 227 3386 in
249 3321 395 3405 proxima
410 3318 535 3384 Octavii
557 3324 662 3384 castra
684 3322 884 3404 inruperunt.
929 3321 990 3385 His
1015 3327 1209 3412 expugnatis

193 3420 303 3483 eodem
325 3418 448 3501 impetu
472 3414 572 3482 altera
595 3423 671 3482 sunt
695 3418 809 3503 adorti,
832 3419 906 3482 inde
923 3419 1021 3484 tertia
1039 3426 1072 3486 11
1094 3428 1211 3508 quarta

193 3518 225 3577 et
248 3514 394 3596 deinceps
417 3514 551 3597 reliqua,
575 3515 786 3597 omnibusque
809 3536 863 3579 eos
882 3517 996 3580 castris
1016 3521 1208 3603 expulerunt

193 3613 225 3672 et
256 3629 374 3691 magno
413 3631 546 3673 numero
583 3610 752 3675 interfecto
789 3611 930 3696 reliquos
968 3617 1065 3699 atque
1102 3618 1211 3702 ipsum
