2584 4075
8 3363 42 3414 q

377 982 757 1057 COMMENTARIUS
786 984 1003 1058 TERTIUS.

146 1302 159 1348 1
247 1280 270 1345 Ι.
301 1279 468 1344 Dictatore
481 1280 620 1344 habente
634 1281 766 1345 comitia
779 1280 915 1346 Caesare
928 1282 1077 1347 consules
1092 1305 1209 1348 crean-

181 1383 234 1441 tur
256 1376 359 1441 Iulius
383 1374 500 1441 Caesar
523 1381 555 1440 et
577 1375 611 1441 P.
636 1375 805 1463 Servilius3
827 1379 856 1442 is
880 1379 966 1443 enim
988 1384 1058 1444 erat
1085 1401 1208 1466 annus,

146 1496 245 1559 aquo
278 1496 334 1559 per
366 1475 453 1559 leges
486 1475 515 1538 ei
547 1474 712 1538 consulem
743 1475 813 1539 fieri
840 1476 958 1540 liceret.
1009 1475 1072 1541 His
1101 1478 1205 1542 rebus

181 1573 343 1659 confectis,
366 1594 438 1637 cum
460 1573 539 1636 fides
562 1576 633 1636 tota
660 1571 756 1636 Italia
782 1577 868 1643 esset
896 1574 1066 1658 angustior
1094 1596 1204 1659 neque

181 1671 317 1735 creditae
353 1670 505 1754 pecuniae
542 1670 758 1754 solverentur,
793 1670 980 1757 constituit,
1011 1676 1050 1735 ut
1082 1673 1202 1737 arbitri

181 1770 346 1855 darentur;
373 1790 430 1852 per
457 1790 511 1832 eos
539 1767 653 1857 fierent
683 1768 923 1832 aestimationes
948 1770 1201 1852 possessionum

182 1872 213 1930 et
236 1889 352 1952 rerum,
380 1866 493 1950 quanti
522 1886 665 1949 quaeque
694 1886 803 1928 earum
827 1868 901 1928 ante
928 1865 1049 1930 bellum
1073 1867 1199 1953 fuisset,

146 1968 278 2048 eatque
306 1986 361 2028 eae
388 1963 600 2027 creditoribus
628 1962 839 2026 traderentur.
886 1961 957 2026 Hoc
985 1964 1082 2027 etad
1106 1965 1199 2029 timo-

181 2083 248 2124 rem
270 2084 426 2126 novarum
448 2061 633 2125 tabularum
659 2060 838 2124 tollendum
860 2060 1120 2148 minuendumve,
1133 2064 1198 2147 ⁴qui

180 2157 245 2221 fere
268 2159 354 2222 bella
375 2162 407 2221 61
430 2158 538 2222 civiles
563 2157 777 2221 dissensiones
801 2157 1088 2244 aequiconsuevit,
1108 2161 1199 2224 etad

181 2252 363 2317 debitorum
394 2254 546 2317 tuendam
582 2253 852 2317 existimationem
885 2276 954 2318 esse
993 2255 1200 2338 aptissimum

146 2370 162 2415 4
181 2349 385 2414 existimavit.
421 2349 505 2413 ltem
527 2351 730 2433 praetoribus
748 2348 955 2433 tribunisque
978 2350 1084 2433 plebis
1108 2374 1199 2438 roga-

181 2446 285 2510 tiones
310 2446 349 2509 ad
371 2447 527 2529 populum
550 2447 728 2511 ferentibus
750 2447 925 2510 nonnullos
949 2442 1199 2532 111111111οΡοώ-

181 2542 253 2627 peis
279 2543 349 2628 lege
378 2544 545 2606 damnatos
573 2543 639 2606 illis
667 2543 881 2627 temporibus,
909 2543 1029 2626 quibus
1056 2545 1092 2609 in
1120 2548 1199 2611 urbe

181 2639 339 2724 praesidia
371 2639 535 2724 legionum
565 2637 738 2724 Pompeius
769 2633 940 2724 habuerat,
969 2663 1050 2724 quae
1081 2642 1199 2708 iudicia

66 2755 74 2765 ⁷
182 2737 253 2801 aliis
277 2736 480 2801 audientibus
503 2737 673 2822 iudicibus,
701 2737 773 2801 aliis
803 2738 996 2801 sententiam
1018 2739 1198 2805 ferentibus

183 2834 319 2920 singulis
348 2833 459 2897 diebus
488 2838 578 2897 erant
605 2836 766 2919 perfecta,
787 2834 822 2897 in
848 2833 1011 2918 integrum
1043 2838 1230 2933 restituit?

183 2933 238 3016 qui
262 2954 295 2996 se
317 2931 367 2994 illi
389 2930 483 2995 initio
506 2932 610 2996 civilis
637 2931 716 2995 belli
744 2931 939 3016 obtulerant,
962 2932 990 2995 si
1019 2955 1079 2997 sua
1103 2956 1200 3018 opera

181 3031 216 3093 in
238 3030 322 3093 bello
346 3028 395 3091 uti
417 3028 523 3114 vellet,
542 3029 675 3112 proinde
699 3030 881 3114 aestimans,
900 3052 936 3093 ac
955 3030 983 3094 si
1001 3053 1082 3095 usus
1105 3035 1200 3115 esset,

148 3147 163 3193 5
184 3126 335 3210 quoniam
350 3125 400 3188 aui
413 3125 563 3216 fecissent
577 3129 780 3208 potestatem.
819 3115 985 3190 Statuerat
1003 3127 1091 3191 enim
1108 3128 1198 3211 prius

180 3224 241 3288 hos
264 3222 381 3287 iudicio
404 3222 517 3305 populi
545 3222 659 3286 debere
681 3223 811 3286 restitui
834 3245 931 3306 quam
959 3244 1018 3287 suo
1042 3223 1199 3288 beneficio

181 3319 282 3382 videri
304 3321 459 3404 receptos,
476 3340 516 3382 ne
536 3322 593 3382 aut
611 3320 759 3404 ingratus
778 3320 812 3382 in
830 3320 996 3384 referenda
1014 3321 1122 3404 gratia
1144 3325 1200 3384 aut

182 3436 335 3500 arrogans
358 3414 393 3479 in
415 3416 637 3500 praeripiendo
661 3417 773 3500 populi
796 3416 950 3481 beneficio
973 3417 1147 3482 arderatus

147 3535 159 3580 1
247 3510 287 3574 H.
311 3510 373 3574 His
397 3513 493 3576 rebus
517 3515 549 3574 et
572 3513 661 3576 feriis
680 3512 805 3576 Latinis
824 3513 1028 3596 comitiisque
1048 3513 1200 3578 omnibus

181 3606 380 3690 perficiendis
403 3626 440 3671 xl
464 3609 530 3672 dies
559 3609 676 3672 tribuit
704 3609 924 3692 dictaturaque
953 3632 986 3673 se
1015 3611 1145 3675 abdicat
1168 3617 1201 3676 et
