2584 4075
303 215 482 270 oomnis.
521 215 597 272 cnr.
616 217 920 273 xxxxii-xxxxv
1058 218 1121 282 103

98 358 191 442 apud
219 364 345 424 exteras
372 360 520 426 nationes
548 360 611 424 niti
638 361 822 447 videbatur,
848 361 1017 449 minueret,
1048 384 1122 426 cum

99 456 190 520 fama
214 477 272 540 per
295 455 405 521 orbem
428 460 587 521 terrarum
609 459 861 541 percrebruisset
888 458 981 523 illum
1004 482 1022 522 a
1045 457 1121 523 Cae-

101 574 176 617 sare
201 553 342 617 obsideri
364 575 469 638 neque
492 555 607 619 audere
629 556 753 638 proelio
777 555 933 619 dimicare.

169 648 370 715 ΧΧΧΧΠΠ.
405 649 577 735 Pompeius
599 672 705 735 neque
728 674 746 714 a
773 651 855 714 mari
876 648 1120 735 Dyrrachioque
1140 666 1155 711 1
1219 646 1222 650 ’

100 747 268 811 discedere
290 747 429 832 volebat,
453 749 540 831 quod
562 770 689 814 omnem
717 753 906 831 apparatum
932 748 1021 834 belli,
1047 750 1122 833 tela,

100 866 204 929 arma,
232 847 393 908 tormenta
419 844 467 909 ibi
498 845 720 910 conlocaverat
748 845 1009 929 frumentumque
1036 867 1122 910 exer·

100 941 184 1004 citui
208 941 346 1005 navibus
370 942 592 1027 supportabat,
618 964 723 1026 neque
751 943 947 1006 munitiones
976 940 1121 1008 Caesaris

101 1037 279 1122 prohibere
306 1041 444 1124 poterat,
469 1039 535 1103 nisi
561 1039 684 1122 proelio
713 1039 873 1104 decertare
903 1040 1013 1124 vellet3
1036 1042 1122 1124 quod

101 1157 141 1200 eo
171 1140 317 1218 tempore
339 1135 519 1200 faciendum
543 1157 611 1200 non
639 1158 709 1200 esse
737 1140 905 1202 statuerat.
951 1136 1156 1221 Relinques

103 1232 214 1316 batur,
236 1233 274 1296 ut
298 1235 473 1296 extremam
495 1232 654 1297 rationem
676 1234 754 1297 belli
778 1256 914 1318 sequens
939 1256 1036 1318 quam
1053 1235 1123 1318 plu·

11 1333 15 1339 '
102 1329 206 1393 rimos
239 1329 337 1393 colles
370 1334 539 1413 occuparet
571 1336 604 1394 et
636 1353 733 1415 quam
763 1331 939 1397 latissimas
976 1334 1147 1417 regiones·

104 1425 276 1509 praesidiis
309 1429 434 1490 teneret
466 1425 676 1512 Caesarisque
707 1429 825 1515 copias,
858 1451 955 1513 quam
985 1431 1124 1495 maxime

105 1527 227 1607 posset,
255 1523 437 1608 distineret3
463 1525 559 1607 idque
582 1526 704 1589 accidit.
747 1523 896 1591 Castellis
925 1528 1010 1591 enim
1037 1538 1158 1592 xxrv3

105 1620 228 1684 effectis
256 1637 305 1684 xv
331 1621 422 1684 milis
448 1643 603 1705 passuum
621 1624 665 1685 ’111
692 1622 829 1687 circuitu
861 1623 1026 1705 amplexus
1062 1624 1124 1689 hoc

106 1718 214 1801 spatio
238 1716 469 1802 pabulabatur3
494 1719 661 1803 multaque
689 1723 780 1783 erant
805 1719 893 1783 intra
916 1741 989 1783 eum
1017 1720 1124 1785 locum

105 1837 205 1878 manu
236 1818 316 1900 sata,
343 1815 460 1898 quibus
487 1816 618 1880 interim
645 1817 789 1879 iumenta
816 1818 968 1899 pasceret.
1015 1816 1159 1900 Atquer

107 1916 144 1976 ut
174 1912 282 1976 nostri
314 1904 484 1996 perpetuas
516 1913 712 1977 munitiones
743 1911 908 1976 habebant
940 1912 1124 1997 [perductas

106 2031 146 2073 ex
179 2008 320 2074 castellis
352 2009 388 2074 in
417 2010 565 2095 proxima
592 2008 748 2095 castella],
780 2013 861 2091 qzrod
890 2032 932 2075 ne
960 2032 1023 2095 quo
1051 2012 1123 2078 loco

107 2110 311 2190 erumperent
333 2105 521 2192 Pompeiani
545 2129 580 2172 ac
607 2099 738 2171 nostros
768 2112 843 2191 post
871 2111 999 2193 tergum
1022 2109 1123 2174 adori-

107 2207 220 2268 rentur
253 2203 425 2289 timebant,
460 2205 507 2267 ita
538 2204 588 2267 illi
623 2204 776 2268 interiore
809 2205 915 2288 spatio
952 2211 1124 2290 perpetuas

107 2300 306 2365 munitiones
330 2297 520 2385 efficiebant,
545 2322 586 2364 ne
615 2321 711 2384 quem
737 2301 843 2366 locum
871 2303 977 2367 nostri
1003 2304 1126 2369 intrare

108 2402 206 2482 atque
237 2397 326 2481 ipsos
359 2420 378 2461 1
409 2402 501 2482 tergo
534 2399 761 2463 circumvenire
792 2404 933 2484 possent.
980 2398 1041 2464 Sed
1075 2403 1159 2468 11111

106 2494 262 2579 operibus
284 2493 465 2579 vincebant,
488 2496 574 2577 quod
589 2499 629 2571 ,et
655 2516 789 2560 numero
816 2497 958 2561 militum
984 2503 1125 2581 praesta·

108 2593 188 2658 bant
211 2595 244 2655 et
266 2591 420 2654 interiore
443 2592 547 2675 spatio
571 2593 727 2655 minorem
756 2594 925 2658 circuitum
952 2593 1125 2674 habebant,

107 2711 206 2774 quam
239 2709 320 2772 quae
349 2690 440 2751 erant
467 2689 537 2751 loca
565 2685 694 2752 Caesari
722 2692 883 2773 capienda.
936 2691 1031 2772 Quem
1063 2694 1159 2757 etsie

107 2786 279 2872 prohibere
292 2784 464 2868 Pompeius
488 2789 544 2848 aut
566 2785 647 2848 totis
671 2788 771 2870 copiis
796 2789 945 2852 dimicare
967 2809 1034 2851 non
1052 2810 1124 2854 eon·

108 2885 275 2967 stituerat,
306 2886 416 2945 tamen
447 2881 514 2945 suis
545 2882 625 2945 locis
663 2884 849 2968 sagittarios
880 2885 1124 2971 funditoresque

107 2980 269 3064 mittebat,
288 3000 425 3062 quorum
442 3000 596 3064 magnum
612 2978 754 3045 habebat
769 3002 948 3066 numerum,
964 2982 1124 3066 multique

108 3100 147 3143 ex
169 3076 291 3141 nostris
319 3075 570 3140 vulnerabantur
597 3098 798 3162 magnusque
825 3080 999 3143 incesserat
1025 3079 1124 3144 timor

80 3157 302 3261 'sagittarum
334 3176 430 3255 atque
463 3195 572 3238 omnes
600 3176 666 3239 fere
692 3176 812 3240 milites
845 3180 901 3240 aut
933 3197 971 3239 ex
1005 3177 1124 3242 coactis

107 3277 165 3337 aut
189 3293 228 3336 ex
251 3268 440 3335 centonibus
465 3275 520 3334 aut
544 3293 582 3334 ex
606 3273 702 3337 coriis
721 3273 846 3337 tunicas
870 3275 925 3335 aut
948 3273 1124 3357 tegimenta

108 3371 260 3452 fecerant,
283 3359 401 3451 quibus
424 3368 489 3432 tela
512 3368 660 3434 vitarent.

173 3463 336 3530 XXXXV.
373 3463 413 3528 In
435 3467 627 3549 occupandis
651 3464 819 3550 praesidiis
842 3485 959 3548 magna
984 3465 1017 3529 vi
1039 3471 1157 3535 uter-1

109 3584 170 3647 que
187 3561 367 3625 nitebatur:
391 3559 516 3648 Caesar,
531 3568 568 3627 ut
583 3584 680 3646 quam
695 3560 922 3645 angustissime
934 3558 1125 3647 Pompeium
