2584 4075
211 237 254 299 46
560 239 609 293 DE
628 238 744 293 BELLO
765 238 874 293 CIVILI

175 399 189 446 1
276 379 436 447 LXXXII.
471 383 512 447 ln
532 383 585 447 his
604 382 755 466 operibus
774 381 983 464 consiliisque
1000 380 1137 444 biduum
1154 400 1223 443 con-

210 478 361 563 sumitur3
392 480 489 543 tertio
522 480 573 543 die
604 500 721 564 magna
749 478 816 543 iam
841 500 916 562 pars
945 478 1052 562 operis
1080 474 1225 541 Caesaris

209 580 415 657 processerat.
451 575 506 640 Illi
523 577 742 662 impediendae
760 575 903 659 reliquae
920 574 1114 639 munitionis
1132 595 1227 637 causa

209 670 290 736 hora
319 671 447 735 circiter
471 691 509 736 1x
540 673 633 758 signo
665 672 740 737 dato
768 672 912 758 legiones
940 671 1082 735 educunt
1116 670 1225 734 aciem·

176 789 273 851 eque
300 767 360 832 sub
387 768 502 832 eastris
529 768 704 832 instruunt.
751 765 869 832 Caesar
897 767 937 831 ab
961 788 1057 851 opere
1083 767 1226 852 legiones

210 869 348 949 revocat,
375 865 556 949 equitatum
584 886 711 929 omnem
738 864 909 928 convenire
932 863 1032 949 iubet,
1060 864 1161 927 aciem
1182 864 1226 927 in·

212 960 322 1044 struit3
345 964 457 1026 contra
479 960 664 1044 opinionem
687 961 774 1025 enim
795 962 939 1025 militum
956 962 1141 1045 famamque
1163 983 1226 1026 om-

210 1056 301 1120 nium
336 1057 437 1122 videri
473 1057 632 1142 proelium
668 1058 829 1142 defugisse
864 1079 1018 1143 magnum
1060 1058 1227 1122 detrimen·

177 1157 282 1220 etum
313 1153 483 1219 adferebat.
543 1150 606 1217 Sed
637 1153 757 1218 eisdem
775 1155 831 1218 de
868 1155 988 1239 causis,
1028 1177 1116 1238 quae
1153 1160 1227 1220 sunt

212 1251 368 1335 cognitae,
390 1251 562 1335 quominus
591 1250 744 1315 dimicare
772 1252 879 1335 vellet,
902 1250 1105 1335 movebatur,
1132 1256 1227 1335 atque

210 1345 272 1409 hoc
291 1347 388 1410 etiam
409 1346 523 1431 magis,
546 1346 634 1429 quod
657 1347 756 1430 spatii
774 1346 916 1411 brevitas
939 1347 1038 1411 etiarn
1061 1348 1097 1411 in
1119 1348 1227 1433 fugam

212 1443 363 1507 coniectis
391 1442 581 1507 adversariis
609 1463 676 1507 non
706 1443 847 1508 multum
873 1444 913 1508 ad
939 1466 1101 1508 summam
1131 1446 1227 1509 victo-

122 1563 128 1576 ·
176 1539 278 1607 ariae
304 1539 413 1604 iuvare
439 1543 576 1622 poterat.
622 1536 700 1604 Non
726 1541 812 1605 enim
839 1540 976 1624 amplius
1006 1541 1127 1625 pedum
1148 1542 1227 1605 mili-

212 1637 273 1701 bus
291 1636 417 1701 duobus
440 1660 459 1700 a
481 1636 596 1702 castris
615 1640 721 1701 castra
740 1636 912 1700 distabant.
949 1636 1034 1702 Hine
1055 1638 1136 1702 duas
1160 1662 1227 1723 par·

212 1738 262 1800 tes
290 1734 372 1799 acies
401 1735 600 1819 occupabant
631 1734 725 1818 duae3
757 1734 855 1798 tertia
888 1734 1023 1798 vacabat
1057 1735 1100 1799 ad
1127 1736 1227 1801 incur-

179 1855 285 1901 5sum
325 1837 422 1917 atque
452 1833 609 1916 impetum
639 1831 781 1894 militum
816 1830 936 1895 relicta.
997 1827 1032 1894 si
1069 1834 1228 1915 proelium

213 1931 480 2016 committeretur,
506 1928 732 2014 propinquitas
765 1931 945 1992 castrorum
973 1928 1112 1994 celerem
1140 1953 1228 2015 supe-

213 2026 292 2091 ratis
316 2049 355 2091 ex
381 2026 458 2112 fuga
480 2029 644 2111 receptum
671 2024 777 2089 dabat.
818 2023 888 2089 Hae
915 2024 953 2088 de
985 2046 1082 2090 causa
1113 2027 1229 2092 eonsti-

213 2126 319 2186 tuerat
349 2124 441 2208 sigua
463 2122 677 2187 inserentibus
700 2121 864 2207 resistere,
892 2122 982 2206 prior
1008 2124 1136 2207 proelio
1166 2146 1231 2189 non

213 2219 375 2283 lacessere.

180 2339 193 2386 1
280 2313 456 2380 LXXXIII.
491 2315 587 2381 Acies
615 2320 684 2380 erat
712 2314 888 2380 Afraniana
915 2317 1032 2401 duplex
1063 2318 1233 2402 legionum

213 2433 246 2500 v,
268 2413 401 2477 tertium
423 2413 459 2475 in
481 2412 633 2478 subsidiis
656 2413 763 2477 locum
786 2414 904 2477 alariae
932 2414 1082 2478 cohortes
1106 2416 1232 2480 obtine-

179 2512 306 2595 nbant3
337 2508 482 2575 Caesaris
509 2511 642 2595 triplex3
671 2510 726 2574 sed
755 2510 892 2593 primam
921 2511 1022 2576 aciem
1053 2517 1232 2595 quaternae

214 2610 361 2674 cohortes
390 2630 429 2672 ex
455 2625 480 2672 v
512 2607 694 2693 legionibus
727 2607 894 2693 tenebant,
924 2608 984 2673 has
1017 2609 1233 2675 subsidiariae

213 2711 323 2772 ternae
345 2709 377 2768 et
400 2727 511 2768 rursus
535 2705 616 2769 aliae
642 2703 778 2767 totidem
807 2727 883 2768 suae
906 2707 1061 2790 cuiusque
1089 2706 1232 2792 legionis

215 2801 505 2887 subsequebantur3
525 2802 686 2886 sagittarii
704 2802 948 2885 fundItoresque
965 2803 1070 2866 media
1088 2805 1233 2869 contine

180 2904 333 2970 ebantur
355 2899 430 2984 acie,
460 2900 623 2981 equitatus
646 2899 748 2963 latera
770 2898 928 2984 cingebat.
974 2898 1047 2962 Tali
1069 2900 1233 2966 Instruota

215 3000 280 3065 acie
303 3000 411 3061 tenere
433 3000 569 3080 uterque
595 2996 799 3079 propositum
826 2995 1009 3060 videbatur:
1037 2993 1168 3084 Caesar,
1195 3004 1233 3063 ut

214 3097 278 3162 nisi
301 3097 429 3160 coaetus
452 3093 611 3178 proelium
635 3114 703 3156 non
725 3091 949 3179 committeret,
975 3093 1040 3179 ille,
1069 3097 1107 3157 ut
1132 3117 1232 3179 opera

215 3192 359 3261 (laeseris
382 3191 560 3275 impediret
595 3187 787 3254 ProducItur
814 3192 923 3253 tamen
945 3211 996 3253 res
1020 3191 1171 3275 aciesque
1191 3192 1231 3255 ad

216 3291 293 3356 solis
313 3310 459 3353 occasum
476 3286 695 3370 continentum
713 3285 786 3349 inde
804 3287 935 3369 utrique
952 3287 988 3349 in
1005 3291 1112 3351 eastra
1131 3290 1231 3353 disee·

179 3389 302 3452 edunt.
347 3384 482 3450 Postero
505 3385 556 3449 die
578 3384 780 3467 munitiones
797 3384 965 3448 institutas
989 3382 1107 3449 Caesar
1135 3392 1231 3471 parat

214 3485 376 3568 perficere3
394 3483 444 3546 illi
462 3483 578 3548 vadum
596 3481 738 3544 fluminis
755 3478 873 3543 Sicoris
891 3483 1058 3565 temptare,
1077 3481 1107 3545 si
1125 3486 1229 3546 trans·

180 3579 262 3642 sire
289 3582 428 3661 possent.
475 3579 543 3654 Qua
575 3599 609 3641 re
647 3575 864 3639 animadversa
900 3574 1016 3638 Caesar
1049 3575 1229 3644 Germanos
