2584 4075
342 205 455 261 COMM.
475 208 533 263 llll.
571 206 648 263 ΟΑΡ.
668 210 897 267 LXXI—LXXV.
1060 215 1123 278 119

111 353 145 412 et
168 349 203 412 id
225 349 389 420 mediocre.
405 356 609 435 opponerent.
656 353 844 420 Habendam
872 355 1033 422 Fortunae
1055 380 1125 443 gra·
1143 375 1159 419 3

111 446 202 530 tiam,
227 447 311 530 quod
333 445 461 511 Italiam
485 448 554 513 sine
577 451 686 534 aliquo
704 453 834 517 vulnere
853 454 1021 540 cepissent,
1039 457 1125 538 quod

111 544 193 606 duas
207 542 381 627 Hispanias
401 545 718 613 bellicosissimorum
736 549 902 614 hominum
918 552 1123 635 peritissimis

113 644 211 724 atque
235 641 509 706 exercitatissimis
533 643 666 709 ducibus
688 647 897 734 pacarissent,
920 650 1006 732 quod
1028 649 1124 713 finiti-

112 761 182 802 mas
206 738 494 822 frumentariasque
516 743 697 823 provincias
721 742 756 806 in
773 747 967 827 potestatem
987 745 1124 830 redegis-

113 840 200 919 sent3
232 834 367 919 denique
398 836 557 902 recordari
589 838 716 926 debere,
752 863 815 925 qua
852 841 1004 906 felicitate
1040 844 1125 907 inter

112 934 234 997 medias
256 931 401 996 hostium
428 933 544 998 classes
572 938 711 1020 oppletis
737 959 804 1001 non
831 938 937 1002 solum
966 940 1125 1024 portibus,

114 1032 170 1095 sed
192 1031 290 1093 etiam
311 1030 464 1095 litoribus
488 1053 596 1096 omnes
623 1035 799 1098 incolumes
827 1040 934 1099 essent
962 1040 1124 1121 transpor-

113 1129 184 1193 tati.
231 1125 354 1191 Sinon
377 1128 483 1191 omnia
510 1129 657 1194 caderent
685 1131 830 1216 secunda,
853 1129 1029 1197 Fortunam
1056 1145 1160 1198 esset
1259 1203 1263 1210 .

112 1224 272 1292 industria
309 1224 542 1290 sublevandam.
584 1225 675 1302 Quod
710 1232 795 1292 esset
832 1232 996 1313 acceptum
1029 1231 1125 1295 detri-

112 1323 224 1407 menti,
243 1321 383 1386 cuiusvis
401 1322 510 1405 potius
530 1345 625 1406 quam
646 1347 722 1389 suae
744 1327 856 1413 eulpae
878 1326 991 1391 debere
1014 1328 1123 1409 tribui.

113 1411 236 1486 Locum
258 1440 292 1483 se
316 1440 452 1501 acquum
474 1420 514 1482 ad
536 1420 749 1485 dimicandum
772 1422 904 1508 dedisse,
926 1423 1067 1507 potitum
1091 1437 1159 1488 set

114 1540 184 1584 esse
205 1516 351 1581 hostium
373 1516 497 1600 castris,
516 1518 675 1600 expulisse
695 1541 730 1582 ac
749 1541 916 1602 superasse
934 1524 1123 1603 pugnantes.

115 1615 178 1680 sed
209 1614 276 1678 sive
303 1613 449 1696 ipsorum
475 1613 675 1696 perturbatio
704 1615 771 1679 sive
798 1637 886 1679 error
913 1616 1029 1699 aliquis
1058 1617 1124 1680 sive
1138 1644 1163 1707 5)

18 1719 20 1723 ’
113 1713 212 1778 etiam
243 1709 387 1775 Fortuna
418 1714 543 1792 partam
574 1711 639 1774 iam
666 1715 928 1795 praesentemque
958 1713 1124 1776 victoriam
1147 1708 1157 1793 ,¹³

114 1808 394 1893 interpellavisset,
412 1807 548 1871 dandam
567 1810 715 1872 omnibus
740 1808 878 1892 operam,
900 1812 937 1872 ut
960 1813 1124 1892 acceptum
1145 1796 1160 1849 l

114 1898 493 1974 incommodumvirtute
517 1906 695 1969 sarciretur.
732 1903 824 1980 Quod
842 1906 870 1968 si
889 1909 973 1969 esset
995 1907 1158 1991 factum,o

112 2012 255 2091 futurum
286 2006 323 2066 ut
354 2002 581 2066 detrimentum
611 2003 647 2066 in
673 2003 793 2067 bonum
820 2006 971 2088 verteret,
1003 2003 1052 2067 uti
1085 2004 1124 2068 ad

116 2103 308 2189 Gergoviam
331 2100 506 2184 accidisset,
533 2105 629 2183 atque
657 2101 695 2185 ei,
723 2101 778 2184 qui
806 2105 880 2164 ante
907 2100 1057 2165 dimicare
1075 2102 1124 2170 ,ti-

114 2202 281 2283 muissent,
303 2198 389 2261 ultro
414 2218 447 2259 se
469 2197 591 2279 proelio
616 2197 774 2261 offerrent.

181 2294 343 2362 LXXllll.
381 2293 451 2360 Hae
467 2292 579 2362 habita
598 2294 746 2358 contione
763 2295 936 2359 nonnullos
954 2295 1125 2381 signiferos
1144 2308 1158 2353 1

115 2393 292 2481 ignominia
323 2390 450 2455 notarit
482 2412 518 2455 ac
548 2391 618 2455 loco
646 2391 756 2455 movit.
801 2390 969 2456 Exercitui
998 2393 1159 2486 quidemr

117 2492 204 2558 omni
226 2493 337 2553 tantus
365 2489 496 2552 incessit
524 2509 562 2551 ex
590 2488 790 2553 incommodo
818 2488 909 2552 dolor
936 2492 1126 2572 tantumque

116 2589 258 2655 studium
280 2586 430 2650 infamiae
453 2585 641 2670 sarciendae,
663 2589 701 2648 ut
722 2607 816 2650 nemo
839 2588 895 2648 aut
923 2586 1047 2650 tribuni
1070 2591 1126 2650 aut

116 2685 311 2751 centurionis
334 2683 505 2766 imperium
527 2682 719 2747 desideraret
738 2686 770 2746 et
789 2683 852 2746 sibi
871 2683 1006 2766 quisque
1028 2683 1126 2747 etiam

115 2805 237 2870 poenae
277 2783 347 2846 loco
386 2779 548 2865 graviores
585 2780 763 2863 imponeret
804 2779 931 2844 labores
969 2779 1126 2863 simulque

116 2903 227 2948 omnes
260 2879 407 2943 arderent
439 2876 613 2960 cupiditate
644 2876 821 2961 pugnandi,
853 2897 925 2940 cum
952 2876 1125 2959 superioris

4 3039 5 3048 ,
116 2980 214 3044 etiam
237 2976 358 3042 ordinis
381 2974 530 3039 nonnulli
556 2974 681 3038 ratione
707 2973 846 3057 permoti
868 2972 1060 3036 manendum
1089 2995 1125 3038 eo

4 3077 5 3126 ἶ
115 3077 186 3141 loco
202 3081 233 3139 et
247 3096 316 3139 rem
328 3073 450 3156 proelio
465 3070 724 3135 committendam
743 3069 972 3133 existimarent.
1006 3067 1127 3135 Contra
1146 3083 1161 3126 3

117 3196 153 3237 ea
178 3171 294 3237 Caesar
320 3190 424 3252 neque
452 3168 530 3232 satis
558 3166 716 3231 militibus
744 3165 924 3250 perterritis
948 3165 1126 3231 confidebat

118 3269 321 3353 spatiumque
349 3264 616 3349 interponendum
643 3264 683 3327 ad
709 3261 896 3328 recreandos
924 3263 1048 3326 animos
1070 3286 1126 3347 pu·

117 3367 221 3455 tabat,
240 3369 269 3427 et
289 3362 424 3446 receptis
447 3360 681 3425 munitionibus
704 3379 897 3443 magnopere
920 3358 967 3420 rei
989 3360 1126 3440 frumen·

88 3499 92 3503 -
117 3463 217 3525 tarise
239 3459 382 3522 timebat.

183 3554 309 3620 LXXV.
345 3553 458 3637 ltaque
484 3553 573 3617 nulla
606 3553 796 3636 interposita
823 3572 912 3613 mora
945 3554 1159 3617 sauciorumr
