2584 4075
334 226 447 280 oonM.
466 227 501 281 Π.
540 226 616 283 CAP.
635 228 887 284 XXXII-XXXV.
1075 231 1115 292 ll

100 369 181 434 Vari
214 391 367 435 conversa
396 371 478 436 ecies
512 393 587 436 suos
619 372 730 458 fugere
762 377 794 437 et
828 374 951 439 concidi
978 375 1116 439 videbat.

100 467 183 532 Tum
206 465 351 553 Rebilus,
373 468 500 552 legatus
524 466 680 555 Caesaris,
703 493 798 554 quem
822 467 919 535 Curio
948 492 1054 534 seeum
1076 490 1152 538 exe

99 563 212 630 Sicilia
236 564 379 649 duxerat,
402 565 489 649 quod
511 586 664 650 magnum
685 566 803 632 hebere
826 589 921 634 usum
943 567 979 631 iu
1002 587 1037 631 re
1059 568 1117 633 mi·
1142 602 1147 617 ·

17 736 20 743 Ι
98 662 188 729 litari
204 660 336 745 soiebat,
350 660 582 747 ‘Perterritum
597 662 724 748 'inquit
739 664 877 729 ‘hostem
890 665 989 749 vides,
1003 662 1115 748 Curio,

98 760 178 842 quid
206 758 337 822 dubitas
363 759 413 822 uti
442 761 597 842 temporis
626 762 879 844 oportunitate‘l'
925 760 984 826 Ille
1015 778 1151 852 nnuma

97 859 258 940 elocutus,
280 859 317 918 ut
339 856 494 919 memoria
516 859 661 922 tenorent
688 859 808 923 milites
836 881 882 945 ea,
904 880 985 944 quae
1012 857 1115 942 pridie

96 954 162 1019 sibi
186 954 439 1039 confirmassent,
462 954 554 1037 sequi
577 976 645 1018 sese
668 956 758 1021 iubet
780 962 813 1021 ot
835 956 1013 1041 praecurrit
1040 959 1114 1021 ante

96 1074 219 1118 omnes,
265 1049 419 1135 Adeoque
446 1056 515 1117 erat
541 1051 696 1133 impedita
723 1053 826 1138 vallis,
854 1058 891 1117 ut
919 1054 954 1119 in
981 1075 1114 1119 ascensu

94 1149 161 1214 nisi
185 1146 346 1212 sublevati
369 1169 388 1210 a
412 1146 479 1211 suis
497 1147 594 1231 primi
610 1171 678 1213 non
695 1149 787 1214 facile
810 1151 1014 1215 eniterentur.
1052 1147 1115 1217 Sed
1133 1167 1149 1214 o

95 1248 350 1332 praeoccupatus
378 1244 504 1309 animus
531 1243 741 1311 Attianorum
767 1247 907 1314 militum
934 1248 1050 1313 timore
1081 1251 1113 1311 et

94 1345 175 1428 fuga
207 1347 240 1408 et
272 1342 366 1407 oaede
393 1363 525 1405 suorum
552 1341 636 1407 nihil
664 1344 702 1409 de
729 1345 907 1409 resistendo
940 1345 1113 1429 cogitabat,

95 1461 272 1523 omnesque
295 1440 359 1503 iam
383 1460 416 1503 se
439 1438 479 1502 ab
503 1440 650 1523 equitatu
667 1439 890 1505 circumveniri
915 1439 1113 1505 arbitraban-

95 1543 159 1604 tur.
198 1535 313 1620 ltaque
341 1537 528 1619 priusquam
555 1536 657 1599 telum
684 1537 771 1621 adigi
798 1542 908 1621 posset
927 1541 983 1602 aut
1007 1538 1113 1602 nostri

96 1635 232 1719 propius
252 1634 445 1717 accederent,
463 1632 566 1697 omnis
581 1631 661 1699 Vari
684 1634 766 1701 acies
789 1638 881 1717 terga
899 1633 996 1699 vertit
1016 1655 1113 1718 seque

95 1734 131 1801 in
153 1735 261 1797 eastra
283 1731 410 1814 reoepit.

163 1827 297 1895 XXXV.
321 1827 391 1904 Qua
412 1827 448 1890 in
469 1827 546 1910 fuga
572 1824 692 1890 Fabius
719 1825 892 1911 Paelignus
920 1827 1051 1910 quidam
1073 1849 1112 1891 ex
1133 1848 1146 1893 1

97 1927 217 1993 infimis
242 1924 409 1990 ordinibus
433 1923 471 1986 de
493 1922 635 1987 exercitu
659 1921 808 1989 Curionis
832 1924 971 2007 primum
998 1945 1113 2009 agmen

8 2071 11 2078 ,
96 2023 292 2111 fugientium
315 2022 503 2088 consecutus
525 2039 642 2105 magna
665 2042 742 2085 voee
764 2017 888 2087 Varum
908 2021 1036 2088 nomine
1060 2046 1113 2107 ap-

97 2124 222 2208 pellans
245 2118 438 2203 requirebat,
460 2117 510 2181 uti
532 2139 614 2181 unus
643 2137 712 2182 esse
735 2140 774 2183 ex
802 2120 870 2183 eius
898 2120 1057 2186 militibus
1080 2128 1113 2185 et

97 2241 226 2286 monere
259 2216 381 2300 aliquid
412 2216 493 2280 velle
526 2236 561 2279 ao
593 2215 696 2279 disere
732 2216 901 2283 videretur.
956 2216 1022 2282 Ubi
1058 2219 1147 2283 11161

98 2317 225 2401 saepius
259 2315 438 2399 appellatus
464 2313 605 2396 respexit
632 2333 669 2378 ae
701 2313 823 2378 restitit
850 2318 896 2400 et,
924 2315 997 2399 quis
1028 2321 1113 2380 esset

97 2419 154 2480 aut
182 2413 261 2497 quid
288 2412 398 2495 vellet,
428 2409 599 2494 quaesivit,
625 2409 796 2476 humerum
826 2416 974 2496 apertum
1005 2414 1112 2497 gladio

96 2510 250 2597 appetiit,
285 2508 480 2592 paulumque
512 2507 609 2590 afuit,
642 2507 722 2591 quin
752 2505 876 2574 Varum
906 2510 1113 2602 interfieeret3

97 2609 186 2693 quod
217 2607 272 2672 ille
304 2605 481 2690 perieulum
513 2605 641 2668 sublato
674 2605 714 2668 ad
742 2605 810 2670 eius
838 2611 989 2672 sonatum
1021 2613 1112 2671 souto

97 2707 221 2772 vitavit.
254 2704 374 2770 Fabius
389 2727 408 2770 a
421 2702 576 2787 proximis
591 2701 750 2766 militibus
768 2703 1001 2768 circumventus
1016 2703 1112 2768 inter·

96 2805 213 2868 fioitur.
263 2801 309 2865 At
344 2799 537 2886 fugientium
568 2798 776 2864 multitudine
808 2822 844 2864 ae
875 2801 971 2865 turba
1000 2806 1147 2884 portae3

97 2905 280 2966 castrorum
303 2901 498 2981 occupantur
522 2900 618 2981 atque
645 2897 707 2961 iter
731 2897 914 2983 impeditur,
941 2899 1112 2982 pluresque

97 3000 131 3064 in
163 3019 201 3062 eo
234 2996 304 3060 loeo
337 2988 420 3059 sine
437 2995 567 3062 vulnere
599 3016 696 3078 quam
727 2994 762 3058 in
795 2994 917 3078 proelio
951 2998 1006 3058 aut
1034 2995 1112 3080 fuga

97 3096 271 3177 intereunt,
293 3113 395 3175 neque
417 3091 556 3156 multum
579 3092 671 3176 afuit,
698 3092 896 3175 quinetiam
923 3091 1038 3156 castris
1062 3115 1112 3158 ex-

97 3192 303 3276 pellerentur,
326 3211 362 3252 ue
383 3188 531 3253 nonnulli
553 3189 702 3271 protinus
726 3189 836 3253 eodem
855 3210 950 3252 eursu
970 3188 1005 3252 in
1024 3191 1112 3273 oppi-

98 3290 176 3353 dum
204 3287 442 3352 oontendorunt.
489 3284 550 3351 Sed
583 3308 655 3349 eum
682 3285 744 3349 loci
771 3288 887 3348 natura
914 3289 946 3349 et
972 3287 1147 3352 munitior

98 3388 279 3448 castrorum
303 3382 429 3454 editum
449 3382 642 3464 prohibebat,
670 3386 741 3446 tum
768 3381 854 3465 quod
881 3382 921 3444 ed
953 3383 1111 3465 proelium

99 3480 222 3565 egressi
244 3476 394 3543 Curionis
417 3479 536 3542 milites
559 3478 600 3544 iis
624 3480 720 3544 rebus
743 3478 940 3563 indigebant,
967 3500 1048 3562 quae
1071 3483 1112 3546 ad

100 3576 373 3661 oppugnationem
405 3580 583 3640 castrorum
615 3580 706 3640 erent
738 3575 818 3638 usui.
864 3572 979 3657 Itaque
1012 3574 1146 3642 Curios>
