2584 4075
175 243 219 307 58
526 245 575 298 DE
594 245 711 300 BELLO
730 245 840 300 cum

139 389 377 471 utempestatis
409 395 529 474 puncto
561 390 717 473 temporis
754 391 887 455 interiit.
940 391 1191 475 Temptaverunt

174 484 236 549 hoc
258 486 343 549 idem
355 486 572 551 Massilienses
595 491 726 570 postero
750 488 809 552 die.
845 489 990 553 Eandem
1006 490 1096 553 nacti
1113 493 1192 553 tem·

174 587 333 666 pestatem
354 584 476 648 maiore
498 606 571 648 curn
592 583 710 647 fiducia
732 585 772 648 ad
795 577 929 650 alteram
951 587 1068 650 turrim
1098 607 1192 672 agge·

1248 704 1289 759 A}

1245 761 1247 764 ’
1253 761 1260 771 s

174 701 304 763 remque
326 681 495 764 eruptione
514 685 739 766 pugnaverunt
755 683 958 766 multumque
976 683 1085 768 ignem
1107 684 1224 831 intup

139 778 288 844 ulerunt.
327 775 389 842 Sed
410 782 447 842 ut
471 779 635 862 superiore
658 782 801 861 tempore
825 779 1064 871 cpntgntionem
1085 779 1191 861 nostri
1246 776 1250 781 ’
1283 792 1286 811 ·

174 895 300 938 omnem
314 875 512 961 remiserant,
526 877 573 940 ita
586 875 726 959 proximi
740 875 803 938 diei
817 897 892 939 casu
907 876 1063 939 admoniti
1084 876 1191 939 omnia

173 972 213 1034 ad
240 972 456 1036 defensionem
481 975 682 1057 paraverant.
727 971 842 1056 Itaque
868 973 982 1037 multis
1009 973 1189 1037 interfectis

173 1068 314 1152 reliquos
336 1069 512 1134 infectare
534 1071 570 1134 in
593 1070 747 1152 oppidum
768 1070 986 1154 reppulerunt.

139 1186 152 1232 1
240 1165 309 1231 XV.
346 1166 525 1231 Trebonius
544 1191 590 1253 ea,
608 1189 689 1250 quae
709 1170 784 1231 sunt
803 1168 930 1253 amissa,
948 1168 1053 1231 multo
1069 1169 1190 1233 maiore

172 1263 314 1327 militum
336 1265 443 1329 studio
467 1265 690 1329 administrare
713 1267 745 1328 et
768 1263 895 1326 reficere
917 1262 1072 1326 instituit.
1106 1261 1190 1328 Nam

172 1360 230 1423 ubi
260 1365 370 1425 tantos
398 1384 474 1427 suos
502 1363 629 1427 labores
657 1365 690 1425 et
717 1364 891 1443 apparatus
923 1360 1007 1422 male
1039 1360 1190 1425 cecidisse

172 1456 321 1520 viderunt
342 1456 541 1541 indutiisque
563 1480 620 1541 per
644 1460 747 1524 scelus
769 1458 901 1567 violans
919 1480 1012 1521 suam
1034 1459 1190 1524 virtutem

171 1552 282 1617 irrisui
312 1552 381 1618 fore
412 1555 655 1641 perdoluerunt,
687 1557 787 1641 quod,
813 1555 896 1619 unde
925 1576 1023 1640 agger
1056 1558 1188 1622 omnino

173 1651 367 1735 comportari
390 1655 509 1737 posset,
531 1653 614 1716 nihil
637 1657 707 1716 erat
729 1653 898 1738 reliquum,
922 1653 1071 1716 omnibus
1099 1655 1189 1719 arbo-

172 1749 263 1812 ribus
285 1749 381 1833 longe
402 1749 530 1832 lateque
552 1750 588 1812 in
609 1750 730 1813 finibus
748 1749 999 1813 Massiliensium
1021 1751 1139 1815 excisis
1157 1757 1188 1815 et

172 1846 346 1930 convectis,
374 1870 392 1909 a
439 1867 524 1909 erem
554 1847 631 1910 novi
663 1847 789 1931 generis
817 1850 914 1930 atque
940 1847 1124 1912 inauditum
1150 1871 1188 1912 ex

171 1942 323 2007 latericiis
342 1866 587 2007 duffiffiris
607 1965 721 2007 senum
734 1943 850 2026 pedum
863 1944 1075 2008 crassitudine
1093 1950 1189 2030 atque

172 2061 283 2103 eorum
295 2062 462 2104 murorum
474 2041 716 2124 contignatione
736 2043 840 2105 facere
857 2042 1070 2106 instituerunt
1087 2065 1188 2128 aequa

171 2136 236 2199 fere
250 2136 430 2223 latitudine,
444 2141 540 2220 atque
560 2139 615 2201 ille
633 2137 846 2222 congesticius
872 2160 910 2201 ex
928 2139 1064 2202 materia
1082 2140 1188 2205 fuerat

137 2253 277 2318 nagger.
323 2231 388 2297 Ubi
411 2238 467 2297 aut
491 2236 632 2317 spatium
656 2236 741 2298 inter
763 2257 873 2299 muros
904 2239 960 2298 aut
982 2235 1188 2302 imbecillitas

170 2329 321 2393 materiae
344 2331 509 2414 postulare
531 2332 702 2418 videretur,
725 2332 808 2415 pilae
837 2333 1097 2420 interponuntur,
1124 2339 1188 2399 tra·

170 2426 310 2489 versaris
327 2427 419 2511 tigna
436 2426 622 2513 iniciuntur,
641 2450 725 2511 quae
742 2430 943 2493 firmamento
963 2451 1032 2494 esse
1050 2433 1189 2519 possint,

170 2528 202 2587 et
216 2523 370 2608 quidquid
388 2528 437 2587 est
456 2526 689 2612 contignatum,
703 2526 846 2589 cratibus
861 2527 1089 2614 consternitur,
1103 2530 1188 2594 luto·

135 2643 232 2705 aque
263 2624 365 2685 crates
397 2621 595 2706 integuntur.
652 2621 719 2687 Sub
753 2626 838 2686 tecto
873 2623 965 2686 miles
1001 2623 1115 2689 dextra
1152 2649 1187 2691 ac

171 2719 302 2782 sinistra
332 2740 424 2782 muro
456 2723 575 2805 tectus,
607 2720 758 2783 adversus
786 2719 889 2802 plutei
923 2720 1065 2807 obiectu,
1097 2726 1187 2807 operi

134 2836 151 2883 4
170 2837 386 2899 quaecumque
409 2819 485 2879 sunt
508 2816 592 2902 usui,
616 2817 685 2880 sine
709 2816 851 2899 periculo
875 2821 1054 2900 supportat.
1102 2819 1186 2884 Uele

168 2914 247 2976 riter
269 2934 319 2976 res
348 2912 606 2998 administratur,
633 2914 779 2977 diuturni
805 2914 927 2978 laboris
956 2914 1186 2981 detrimentum

169 3010 312 3074 sollertia
339 3012 371 3071 et
398 3008 519 3072 virtute
541 3010 684 3073 militum
713 3010 803 3074 brevi
832 3011 1064 3077 reconciliatur.
1111 3013 1186 3078 Por·

167 3110 232 3190 tae,
265 3105 382 3188 quibus
415 3104 494 3168 locis
527 3106 654 3169 videtur
661 3160 670 3192 ,
699 3108 877 3189 eruptionis
905 3130 1001 3172 causa
1027 3109 1064 3171 in
1092 3132 1185 3175 muro

168 3203 404 3285 relinquuntur.

133 3317 147 3363 1
233 3296 318 3362 XVI.
357 3298 449 3373 Quod
471 3302 530 3364 ubi
552 3300 663 3365 hostes
687 3301 845 3387 viderunt,
867 3324 912 3387 ea,
936 3323 1017 3385 quae
1039 3302 1095 3366 diu
1118 3304 1184 3367 lon·

168 3415 272 3477 goque
309 3397 413 3477 spatio
441 3398 529 3461 refici
559 3419 625 3462 non
655 3420 750 3482 posse
782 3402 977 3484 sperassent,
1009 3422 1184 3483 paucorum

170 3488 293 3551 dierum
316 3510 412 3571 opera
436 3497 468 3555 et
490 3491 601 3555 labore
623 3495 671 3556 ita
693 3496 819 3581 refecta,
842 3500 879 3559 ut
900 3495 1010 3559 nullus
1033 3497 1183 3580 perfidiae

170 3602 273 3662 neque
298 3585 458 3665 eruptioni
480 3588 570 3650 locus
593 3593 759 3652 essetnec
782 3592 951 3674 quicquam
980 3592 1111 3656 omnino
1139 3615 1184 3656 re
