2584 4075
185 201 228 263 90
534 198 583 252 nn
601 196 718 251 BELLO
738 196 846 251 ClVlLI

183 345 306 408 frustra
327 344 492 428 ingressus
510 346 636 426 turpem
661 363 789 406 causam
806 341 981 425 videretur,
999 339 1104 424 legem
1126 359 1203 422 pro·

183 440 351 526 mulgarit‚
372 443 410 504 ut
433 438 564 504 sexenni
586 439 637 503 die
661 438 738 503 sine:
752 437 860 502 usuris
885 437 1024 502 creditae
1046 435 1203 520 pecuniae

186 539 393 603 solverentur.
1163 546 1201 567 ·‘

151 655 165 703 1
251 634 337 700 XXI.
374 632 455 699 Cum
486 633 652 698 resisteret
684 631 839 698 Servilius
875 633 989 698 consul
1018 631 1204 715 reliquique

185 734 394 818 magistratus
416 734 450 795 et
471 731 578 795 minus
602 731 754 813 opinione
776 752 835 794 sua
857 730 1005 814 efficeret,
1035 729 1076 792 ad
1096 727 1204 793 1101111·

184 852 262 894 num
285 827 451 893 excitanda
474 827 581 891 studia
598 828 727 892 sublata
745 827 852 910 priore
869 827 941 911 lege
958 828 1037 891 duas
1058 826 1203 910 promul·

186 927 284 1012 gavit,
296 948 403 1009 unam,
422 946 485 1009 qua
502 924 661 989 mercedes
679 923 918 989 habitationum
938 946 1061 989 annuas
1084 922 1203 987 condu-

151 1042 166 1088 1
186 1023 329 1088 ctoribus
348 1023 489 1107 donavit,
508 1021 605 1085 aliam
622 1022 808 1085 tabularum
828 1042 995 1105 novarum,
1012 1020 1203 1103 impetuque

186 1120 402 1185 multitudinis
424 1120 460 1182 in
486 1115 520 1183 C.
545 1117 742 1182 Trebonium
767 1118 853 1182 facto
882 1121 914 1181 et
935 1117 1103 1182 nonnullis
1132 1116 1203 1181 vul-

150 1236 167 1282 1
185 1217 305 1281 uerutis
329 1239 402 1280 eum
424 1217 462 1280 de
484 1214 640 1279 tribunali
663 1208 855 1279 deturbavit
890 1213 940 1279 De
960 1209 1079 1299 quibus
1102 1214 1201 1278 rebus

187 1314 340 1378 Servilius
355 1313 467 1377 consul
485 1314 525 1377 ad
544 1315 692 1376 senatum
709 1312 832 1396 retulit,
846 1316 1040 1395 senatusque
1054 1309 1201 1376 Coelium

186 1411 226 1476 ab
249 1411 413 1495 republica
440 1409 667 1475 removendum
693 1409 825 1473 censuit.
870 1407 942 1473 Hoc
968 1410 1096 1473 decreto
1128 1430 1199 1472 eum

186 1507 298 1574 consul
330 1511 443 1572 senatu
474 1505 642 1591 prohibuit
675 1510 708 1569 et
740 1507 920 1571 contionari
956 1510 1128 1571 conantem
1162 1506 1200 1569 de

150 1603 301 1670 arostris
333 1603 472 1668 deduxit.
525 1601 585 1667 Ille
616 1602 795 1685 ignominia
829 1607 860 1666 et
892 1603 1002 1668 dolore
1033 1607 1198 1686 permotus

185 1701 292 1784 palam
310 1722 345 1766 se
362 1700 522 1784 proficisci
541 1699 580 1763 ad
593 1697 763 1763 Caesarem
780 1700 959 1784 simularit3
977 1700 1060 1765 olam
1074 1701 1198 1765 nuntiis

186 1800 226 1863 ad
253 1799 405 1863 Milonem
432 1797 555 1882 missis,
582 1797 638 1882 qui
668 1793 781 1860 Clodio
808 1796 978 1862 interfecto
1005 1819 1043 1862 eo
1070 1798 1198 1862 nomine

186 1899 254 1958 1111
268 1895 446 1979 damnatus,
460 1897 556 1977 atque
570 1915 607 1957 eo
621 1892 657 1956 in
669 1891 799 1957 Italiam
813 1898 954 1978 evocato,
969 1895 1056 1977 quod
1072 1895 1196 1979 magnis

185 1991 371 2056 muneribus
394 1990 478 2055 datis
497 1989 707 2076 gladiatoriae
724 1990 865 2056 familiae
879 1992 1031 2077 reliquias
1049 1991 1197 2076 habebat,

187 2088 248 2150 sibi
272 2088 438 2151 coniunxit
465 2091 562 2171 atque
589 2108 662 2151 eum
688 2089 723 2152 in
750 2088 931 2153 Thurinum
959 2090 998 2153 ad
1025 2090 1197 2155 sollicitan-

151 2186 244 2249 odos
266 2188 412 2267 pastores
435 2186 608 2268 praemisit.
653 2183 728 2269 Ipse
755 2208 828 2251 oum
856 2183 1034 2251 Casilinum
1058 2188 1196 2251 venisset

186 2303 313 2366 unoque
326 2285 470 2366 tempore
489 2282 581 2366 signa
599 2282 668 2345 eius
681 2283 834 2348 militaria
857 2287 954 2368 atque
968 2306 1057 2348 arma
1072 2282 1196 2368 Capuae
1228 2324 1238 2328 -

186 2381 292 2444 essent
315 2377 542 2462 comprehensa
565 2382 597 2443 et
614 2379 738 2443 familia
755 2378 895 2464 Neapoli
917 2380 986 2444 visa
1008 2383 1106 2463 atque
1128 2403 1196 2466 pro-

186 2476 265 2539 ditio
303 2475 413 2559 oppidi
449 2480 631 2560 appareret,
671 2477 839 2560 patefactis
875 2478 1018 2542 consiliis
1051 2479 1194 2543 exclusus

187 2572 297 2657 Capua
319 2576 351 2636 et
374 2572 551 2656 periculum
572 2573 705 2657 veritus,
724 2576 810 2657 quod
837 2578 1013 2639 conventus
1042 2597 1132 2639 arma
1153 2598 1195 2639 ce·

185 2675 277 2755 perat
306 2674 402 2753 atque
433 2691 506 2734 eum
536 2670 641 2735 hostis
670 2671 741 2734 loco
772 2670 955 2736 habendum
985 2672 1196 2757 existimabat,

186 2767 320 2832 consilio
343 2765 469 2830 destitit
492 2770 588 2850 atque
610 2768 649 2832 ab
673 2789 709 2832 eo
732 2769 848 2834 itinere
871 2791 940 2834 sese
963 2770 1088 2834 avertit.

153 2880 166 2927 1
252 2863 355 2929 XXII.
391 2862 524 2927 Interim
547 2863 626 2928 Milo
651 2864 791 2927 dimissis
814 2865 934 2929 circum
956 2865 1131 2949 municipia
1147 2867 1195 2931 lit·

185 2963 264 3026 teris
291 2982 323 3026 se
350 2983 395 3045 ea,
424 2981 505 3043 quae
531 2962 664 3048 faceret,
691 2963 782 3026 iussu
809 2966 906 3047 atque
932 2962 1066 3047 imperio
1097 2964 1194 3028 facere

184 3057 331 3143 Pompei,
364 3079 445 3142 quae
475 3059 626 3123 mandata
659 3059 698 3123 ad
730 3080 764 3123 se
793 3080 850 3142 per
880 3057 1062 3123 Vibullium
1094 3060 1194 3124 delata

186 3160 302 3240 essent,
325 3177 406 3239 quos
430 3177 469 3218 ex
493 3177 564 3219 aere
587 3156 691 3219 alieno
715 3156 863 3220 laborare
886 3156 1116 3241 arbitrabatur,
1138 3157 1194 3222 sol·

152 3254 340 3317 alicitabat.
386 3251 483 3335 Apud
506 3274 586 3336 quos
610 3274 684 3315 cum
705 3253 859 3335 proficere
880 3252 964 3316 nihil
990 3256 1110 3338 posset,
1132 3254 1194 3337 qui·

186 3350 321 3412 busdam
344 3349 460 3413 solutis
489 3349 662 3440 ergastulis
691 3347 864 3432 Compsam
892 3349 928 3413 in
954 3369 1032 3434 agro
1059 3348 1193 3434 Hirpino
1257 3413 1261 3428 ,

188 3464 372 3526 oppugnare
395 3445 507 3527 coepit.
554 3445 605 3508 Eo
629 3437 703 3508 oum
730 3468 749 3509 a
772 3444 807 3520 Q.
829 3443 928 3510 Pedio
957 3449 1105 3530 praetore
1127 3468 1194 3511 cunr

152 3536 312 3617 alegione
348 3588 354 3600 .
384 3588 389 3601 .
419 3589 425 3602 .
454 3589 492 3617 .,
524 3540 629 3623 lapide
666 3542 750 3606 ictus
788 3564 827 3606 ex
862 3565 955 3607 muro
996 3543 1101 3627 periit.
1153 3544 1193 3608 Et
