2584 4075
174 212 219 276 54
524 213 572 266 DE
591 212 711 265 BELLO
731 210 841 265 CIVILI

174 359 319 424 tionibus
346 379 463 442 magno
492 357 554 420 sibi
582 379 653 421 esse
681 356 842 440 praesidio
870 375 980 437 posse,
1012 353 1041 417 si
1069 352 1117 415 ibi
1142 371 1201 434 pro
1280 392 1288 423 μ

176 452 307 517 castello
323 473 359 515 ae
377 450 577 536 receptaculo
601 449 720 513 turrim
738 472 776 513 ex
794 449 896 513 latere
916 449 977 512 sub
998 470 1093 512 muro
1113 447 1203 512 fecis·

178 551 257 612 sent.
303 544 405 622 Quam
432 545 538 630 primo
573 545 612 608 ad
644 546 832 629 repentinos
864 547 1014 610 incursus
1044 544 1203 608 humilem
1270 590 1273 595 «

142 665 372 728 sparvamque
393 643 546 707 fecerunt.
592 640 667 706 Huc
691 665 725 707 se
753 645 949 729 referebant3
976 644 1064 729 111110,
1088 643 1203 725 siqua
1279 700 1284 717 ‚

177 743 279 806 maior
303 745 506 825 oppresserat
526 740 587 826 110,
606 740 871 825 propugnabant3
893 741 970 805 hine
989 742 1030 805 ad
1047 740 1202 823 repellen-

177 840 253 903 dum
276 843 308 902 et
330 838 590 922 prosequendum
616 836 745 901 hostem
775 837 1018 922 procurrebant.
1064 836 1203 901 Patebat

176 936 255 1000 haee
278 956 521 1020 quoquoversus
544 933 639 1017 pedes
659 951 743 1019 xxx,
761 935 817 998 sed
835 935 998 1018 parietum
1021 933 1201 998 crassitudo

123 1053 159 1122 ,3
178 1034 273 1117 pedes
296 1052 327 1097 v.
364 1031 482 1097 Postea
506 1052 592 1114 1010,
614 1035 653 1095 ut
677 1036 726 1095 est
749 1054 859 1096 rerum
877 1032 1024 1096 omnium
1046 1030 1203 1116 magister

177 1152 256 1195 usus
278 1131 460 1214 hominum,
483 1127 628 1192 adhibita
654 1128 800 1207 sollertia
818 1130 987 1194 inventum
1009 1134 1060 1193 est
1083 1150 1201 1213 magno

179 1250 247 1292 esse
278 1227 352 1291 usui
384 1248 494 1312 posse,
530 1225 558 1289 si
585 1224 665 1288 haec
694 1230 779 1290 esset
805 1226 840 1290 in
867 1227 1076 1290 altitudinem
1103 1227 1201 1290 turris

179 1326 271 1389 elata.
316 1324 355 1388 Id
376 1324 437 1387 hac
460 1323 586 1386 ratione
608 1321 787 1404 perfeetum
809 1328 867 1388 est.
896 1371 906 1385 .

144 1441 161 1486 4
245 1419 350 1484 Vllll.
388 1418 455 1484 Ubi
477 1420 579 1483 turris
602 1418 742 1483 altitudo
770 1420 923 1503 perducta
951 1423 1001 1483 est
1031 1420 1072 1484 ad
1096 1423 1203 1484 conta-

179 1518 387 1602 bulationem,
407 1539 476 1581 eam
494 1516 530 1579 in
549 1516 688 1599 parietes
707 1517 931 1581 instruxerunt
954 1518 1011 1603 ita,
1032 1522 1072 1582 ut
1096 1518 1202 1602 capita

179 1616 345 1701 tignorum
371 1617 513 1678 extrema
541 1612 702 1696 parietum
735 1617 900 1677 structura
930 1616 1131 1699 tegerentur,
1162 1636 1202 1679 110

144 1732 160 1780 2
180 1714 257 1798 quid
280 1712 442 1798 emineret,
464 1710 521 1774 ubi
544 1708 630 1794 ignis
653 1708 799 1773 hostium
821 1709 1071 1774 adhaeresceret.
1110 1710 1203 1775 Hanc

179 1812 311 1895 insuper
342 1807 634 1893 contignationem,
672 1811 830 1889 quantum
865 1811 989 1871 tectum
1024 1809 1130 1891 plutei
1167 1832 1203 1874 ac

179 1909 345 1972 vinearum
368 1928 498 1990 passum
521 1908 581 1989 est,
598 1903 767 1967 latericulo
788 1904 1017 1971 adstruxerunt
1039 1927 1202 1991 supraque

181 2027 253 2069 eum
284 2006 390 2069 locum
416 2021 442 2067 11
469 2002 561 2087 tigna
588 2004 773 2064 transversa
800 2000 979 2065 iniecerunt
1006 2022 1076 2066 non
1105 2003 1203 2089 longe

182 2101 221 2163 ab
245 2100 395 2164 extremis
418 2099 607 2184 parietibus,
631 2097 751 2180 quibus
775 2098 1007 2180 suspenderent
1036 2121 1109 2164 eam
1131 2125 1203 2167 con·

180 2197 403 2280 tignationem,
426 2217 508 2278 quae
530 2195 614 2259 turri
637 2196 815 2279 tegimento
839 2199 924 2259 esset
947 2196 1068 2282 futura,
1092 2221 1202 2283 supra-

182 2314 244 2377 que
276 2314 313 2356 ea
344 2292 435 2376 tigna
474 2292 601 2355 derecto
638 2295 838 2356 transversas
876 2293 984 2357 trabes
1021 2294 1202 2361 iniecerunt

147 2401 163 2448 3
182 2412 298 2474 easque
317 2389 430 2453 axibus
448 2388 668 2473 religaverunt
713 2388 782 2453 Has
796 2389 905 2453 trabes
924 2391 1021 2473 paulo
1036 2391 1201 2478 longiores

182 2494 279 2572 atque
302 2486 538 2571 eminentiores,
561 2508 659 2569 quam
681 2486 817 2550 extremi
840 2487 979 2569 parietes
1005 2494 1109 2575 erant,
1131 2492 1202 2556 effe·

182 2588 304 2669 cerunt,
325 2587 363 2647 ut
386 2586 480 2669 00001,
502 2581 560 2646 ubi
578 2584 756 2667 tegimenta
773 2583 989 2666 praependere
1007 2592 1144 2668 possent
1163 2590 1202 2652 ad

183 2681 395 2748 defendendos
418 2679 502 2744 ictus
526 2701 563 2744 ac
584 2680 794 2766 repellendos,
821 2703 894 2745 cum
920 2681 1008 2747 intra
1035 2705 1201 2751 001110011-

148 2780 397 2866 4tignationem
420 2778 559 2861 parietes
583 2780 838 2863 exstruerentur3
861 2800 994 2862 eamque
1015 2783 1201 2846 contabula-

182 2879 305 2943 tionem
332 2869 490 2940 summam
519 2876 676 2964 lateribus
707 2876 842 2958 lutoque
874 2881 1137 2965 constraverunt,
1162 2901 1202 2945 ne

184 2976 262 3059 quid
284 2973 368 3059 ignis
391 2972 537 3037 hostium
558 2995 675 3038 nocere
693 2978 813 3058 posset,
831 2978 1048 3056 centonesque
1070 2976 1202 3060 insuper

183 3072 370 3156 iniecerrmt,
396 3090 436 3133 ne
465 3072 521 3132 aut
549 3070 614 3132 tela
641 3070 812 3133 tormentis
839 3070 940 3158 missa
966 3071 1204 3139 tabulationem

185 3167 419 3252 perfringerent
443 3168 499 3228 aut
523 3186 600 3228 saxa
628 3187 667 3227 ex
696 3167 869 3248 catapultis
897 3168 1078 3234 latericium
1102 3171 1203 3236 diseu-

148 3269 297 3327 5terent.
344 3260 468 3326 Storias
501 3263 609 3323 autem
637 3282 675 3324 ex
703 3261 836 3326 funibus
869 3266 1043 3331 ancorariis
1072 3271 1142 3333 tres
1170 3270 1205 3333 in

184 3359 418 3444 longitudinem
445 3356 605 3441 parietum
632 3357 731 3420 turris
759 3358 842 3422 latas
870 3380 907 3424 11
933 3362 1029 3446 pedes
1058 3365 1204 3431 fecerunt

185 3476 302 3536 easque
325 3476 363 3515 ex
386 3453 492 3517 tribus
521 3454 680 3539 partibus,
708 3476 789 3536 quae
820 3456 860 3518 ad
881 3457 992 3522 hostes
1015 3463 1206 3550 vergebant,

185 3548 220 3609 in
243 3547 456 3609 eminentibus
480 3545 628 3609 trabibus
657 3549 775 3612 circum
805 3553 922 3615 turrim
949 3560 1205 3640 praependentes
