2584 4075
186 259 250 321 100
535 257 583 310 DE
602 256 719 310 BELLO
740 256 848 310 CIVILI

149 422 166 468 4
184 403 381 466 restiterunt.
419 401 534 466 Nostri
553 401 691 486 cognitis
702 423 760 482 per
773 401 977 482 exploratores
994 399 1139 463 hostium
1152 398 1199 460 in-

185 499 285 584 sidiis,
307 522 347 563 33
368 501 489 563 frustra
511 499 653 581 reliquos
673 502 904 581 exspectarent,
923 498 1001 561 duas
1023 495 1111 559 nacti
1132 499 1198 558 tur-

183 619 252 660 mas
289 600 494 680 cxceperunt,
530 616 664 676 qaorum
694 596 847 676 perpauci
875 597 955 675 sirpo
984 614 1017 657 33
1047 595 1091 656 ud
1128 612 1199 654 suos

184 701 360 775 receperant
381 732 423 739 —
447 694 482 756 in
503 692 555 756 his
578 692 642 755 fuit
669 690 712 754 M.
737 689 884 774 Opimius
912 691 1091 772 praefectus
1114 688 1200 771 equi-

184 795 255 854 tum
278 829 319 836 —
344 791 485 874 reliquos
514 810 623 853 omnes
648 811 758 852 earum
785 793 964 851 turmarum
995 786 1200 849 3331333313-

187 892 298 950 cerunt
327 892 382 950 aut
410 891 521 971 captos
545 886 585 950 ad
608 884 789 948 Domitium
812 885 1020 948 deduxerunt.
1277 884 1278 891 ’

151 1003 163 1050 3
250 982 457 1048 ΧΧΧἯΙΠ
485 982 639 1048 Deductis
655 1004 728 1046 orae
742 982 923 1045 maritimae
943 980 1112 1063 praesidiis
1127 978 1200 1043 Cae-

186 1105 253 1166 sar,
285 1085 322 1145 ut
354 1103 451 1165 supra
483 1082 737 1145 demonstratum
771 1082 834 1164 est,
853 1072 906 1140 v111
937 1077 1086 1141 cohortes
1116 1075 1201 1142 Orici

187 1179 296 1262 oppidi
309 1178 421 1242 tuendi
439 1200 535 1242 33333
548 1177 681 1261 reliquit
699 1176 864 1259 isdemque
878 1175 1058 1238 custodiam
1071 1174 1200 1237 uarium
1277 1254 1278 1265 ,

185 1276 356 1360 longarum
387 1274 534 1359 tradidit,
566 1295 646 1357 quas
679 1296 718 1337 ex
751 1272 847 1337 Italia
876 1272 1072 1335 traduxerat.
1117 1271 1201 1335 Huic

152 1372 293 1436 aofficio
331 1371 512 1454 oppidoque
548 1369 600 1433 Μ’.
633 1370 757 1433 Acilius
785 1371 921 1455 legatus
958 1374 1115 1452 praeerat.
1168 1368 1200 1431 ls

185 1490 282 1532 nares
304 1473 434 1532 nostras
457 1469 644 1531 interiorem
665 1468 701 1530 in
723 1471 856 1551 portum
878 1470 953 1550 post
979 1467 1136 1550 oppidum
1156 1489 1201 1529 re·

187 1566 278 1629 duxit
302 1567 333 1629 et
357 1564 397 1628 ad
414 1568 534 1629 terram
553 1564 707 1648 deligavit
725 1565 936 1647 faucibusque
953 1568 1069 1645 portus
1090 1586 1201 1627 navem

187 1661 365 1726 onerariam
389 1661 587 1725 submersam
611 1661 729 1725 obiecit
715 1666 786 1725 tet
808 1661 884 1724 huic
911 1661 956 1724 alt
942 1665 1045 1724 teram
1074 1662 1200 1725 coniun-

186 1762 248 1827 xit·
241 1782 367 1844 ,super
396 1782 492 1843 quam
518 1759 634 1823 turrim
663 1758 807 1822 effectam
831 1759 905 1857 ad
896 1780 1003 1841 rpsum
1032 1759 1200 1821 introitum

187 1861 301 1941 portus
326 1857 477 1940 opposurt
501 1856 625 1920 3333111
626 1855 715 1919 tibus
739 1856 845 1939 compl
846 1842 910 1918 erit
928 1855 1146 1938 tuendamque
1164 1856 1200 1918 ad

190 1975 299 2017 omnes
323 1954 508 2036 repentinos
532 1975 622 2017 casus
646 1952 788 2016 tradidit

155 2071 167 2117 1
254 2050 385 2114 XXXX.
423 2049 545 2127 Quibus
569 2051 679 2135 cognit
681 2050 708 2112 is
665 2051 828 2114 trebus
843 2048 899 2113 (lm
915 2047 1089 2159 Pompeius
1108 1998 1201 2135 filius,

189 2148 245 2231 qui
272 2148 368 2211 classi
394 2148 575 2232 Aegyptiae
602 2151 762 2231 praeerat
733 2147 829 2210 tad
857 2144 987 2209 Oricum
1014 2147 1103 2210 venit
1089 2148 1201 2211 tsub

187 2265 387 2326 mersamque
401 2266 515 2307 narem
529 2244 669 2307 remulco
679 2244 772 2306 mult
748 2248 855 2326 t1sque
867 2243 1060 2306 contendens
1071 2245 1200 2307 funibus

189 2340 379 2404 abduxitat
347 2344 442 2448 atque
466 2340 511 2403 313
497 2344 599 2403 teram
621 2362 745 2426 navem,
768 2347 849 2424 quae
873 2344 941 2403 erat
964 2341 1003 2403 ad
1025 2362 1082 2404 333
1083 2342 1203 2405 todiam

190 2436 229 2501 ab
245 2435 326 2499 Acil
305 2437 349 2499 ho
372 2437 459 2520 posit
462 2424 654 2521 a,pluribus
674 2438 844 2522 adgressus
862 2438 1041 2521 navibus,'
1031 2460 1068 2501 m
1086 2439 1202 2522 quibus

190 2535 229 2598 ad
250 2533 367 2597 libram
390 2533 545 2596 feceratt
531 2536 646 2619 turres,
664 2539 701 2598 ut
721 2557 758 2598 ex
778 2534 942 2617 superiore
964 2556 1115 2618 pugnans
1134 2536 1202 2600 loco

187 2633 395 2716 integrosque
423 2651 548 2713 semper
576 2631 672 2694 defat'
648 2636 731 2716 ttrga
732 2633 759 2695 is
717 2632 926 2695 tsubmitt
912 2636 982 2695 tens
1010 2634 1042 2694 et
1070 2633 1202 2715 reliquis

188 2728 336 2812 partibus
360 2727 456 2791 simul
480 2731 628 2791 exterra
653 2729 746 2792 scalis
770 2732 803 2792 et
826 2729 926 2792 classe
944 2728 1071 2792 moenia
1095 2729 1203 2813 oppidi

188 2829 365 2909 temptans,
392 2823 441 2887 uti
470 2825 725 2889 adversariorum
751 2846 864 2888 manus
892 2825 1067 2909 diduceret,
1094 2826 1204 2890 labore

190 2928 221 2986 et
244 2921 451 2986 multitudine
473 2921 612 2985 telorum
629 2926 759 2986 nostros
783 2922 860 2985 vicit
884 2920 1077 3003 deiectisque
1101 2922 1204 2986 defeu-

192 3020 334 3104 soribus,
367 3019 422 3102 qui
455 3039 565 3082 omues
599 3019 725 3102 scaphis
759 3019 883 3102 excepti
910 3018 1108 3103 refugerant,
1136 3041 1204 3083 eam

156 3133 303 3181 suavem
326 3115 529 3199 expugnavit.
567 3114 752 3197 Eodemque
774 3118 918 3198 tempore
937 3136 974 3177 ex
994 3114 1095 3178 altera
1113 3120 1203 3199 parte

191 3216 308 3279 molem
331 3212 435 3276 tenuit
453 3213 632 3275 naturalem
652 3211 818 3296 obiectam,
842 3233 922 3294 quae
945 3232 1044 3294 paene
1064 3211 1203 3274 insulam

192 3311 345 3394 oppidum
377 3308 488 3394 efficit,
511 3313 543 3372 et
572 3327 609 3372 lv
638 3308 775 3372 biremes
804 3306 956 3371 subiectis
984 3307 1120 3370 scutulis
1147 3308 1203 3370 im-

157 3408 300 3489 3331333
332 3406 476 3471 vectibus
508 3406 543 3468 13
575 3406 762 3469 interiorem
793 3409 924 3488 portum
955 3404 1107 3467 traduxit.
1152 3402 1203 3465 Ita

193 3523 230 3563 ex
253 3508 390 3586 utraque
417 3502 508 3589 parte
534 3525 631 3566 naves
659 3503 774 3586 longas
798 3504 976 3585 adgressus,
1005 3522 1086 3584 quae
1112 3506 1203 3565 erant

193 3596 349 3678 deligatae
373 3599 412 3661 ad
435 3602 554 3662 terram
578 3602 673 3681 atque
701 3599 822 3683 inanes,
851 3616 887 3660 lv
916 3619 954 3661 ex
981 3598 1032 3661 1313
1062 3598 1203 3682 abduxit,
