2584 4075
191 250 234 312 42
540 247 588 300 DE
608 245 724 301 BELLO
743 246 854 301 CIVILl

156 393 436 478 aconsanguineis
468 392 680 476 contulerint,
712 395 897 476 queruntur.
943 390 1004 454 His
1037 391 1204 474 provocati

191 490 391 554 sermonibus
410 489 506 553 fidem
524 489 564 552 ab
582 488 776 572 imperatore
795 489 833 552 de
843 486 950 551 Petrei
964 492 1061 571 atque
1077 487 1204 551 Afranii

190 588 258 652 vita
280 590 404 671 petunt,
420 608 467 668 ⁸ne
491 586 576 670 quod
598 586 634 649 in
658 608 692 649 se
715 586 818 649 scelus
841 586 1024 667 concepisse
1041 606 1105 648 neu
1128 606 1203 649 suos

190 684 367 768 prodidisse
389 683 565 747 videantur.
603 680 726 758 Quibus
749 682 946 746 confirmatis
964 682 1061 746 rebus
1086 704 1121 746 se
1143 686 1204 747 sta-

190 781 251 844 tim
273 780 366 865 signa
388 780 603 843 translaturos
631 779 822 843 confirmant
849 779 1039 864 legatosque
1066 780 1105 842 de
1128 802 1204 863 pace
1288 819 1289 842 2

191 878 367 960 primorum
395 878 544 942 ordinum
571 875 774 940 centuriones
798 875 836 939 ad
865 874 1035 940 Caesarem
1059 877 1203 942 mittunt.

155 973 323 1041 4Interim
351 974 406 1037 alii
434 996 510 1037 suos
537 973 572 1037 in
594 977 700 1036 castra
722 972 880 1036 invitandi
909 993 1005 1035 causa
1034 974 1203 1059 adducunt,

191 1070 246 1133 alii
269 1070 308 1134 ab
333 1071 399 1134 suis
423 1071 634 1156 abducuntur,
659 1071 736 1134 adeo
760 1074 796 1132 ut
819 1091 884 1132 una
905 1073 1011 1132 castra
1033 1070 1100 1134 iam
1121 1073 1204 1135 facta

190 1189 229 1230 ex
251 1166 337 1230 binis
359 1167 555 1251 viderentur,
583 1168 827 1251 compluresque
853 1166 978 1230 tribuni
1000 1167 1146 1232 militani
1173 1174 1203 1232 et

190 1264 391 1328 centuriones
410 1265 450 1327 ad
464 1262 633 1329 Gaesarem
650 1264 785 1327 veniunt
804 1284 901 1346 seque
924 1264 954 1326 ei
972 1265 1202 1328 commendant.

155 1382 171 1429 5
189 1360 277 1424 Idem
298 1360 360 1423 hoc
382 1360 420 1423 fit
443 1383 462 1423 a
483 1360 686 1444 principibus
708 1359 894 1447 Hispaniae,
917 1382 998 1443 quos
1021 1361 1073 1424 1111
1099 1383 1203 1426 evoca-

189 1461 301 1520 verant
324 1461 356 1520 et
379 1478 486 1521 secum
508 1458 543 1520 in
561 1458 675 1521 castris
693 1457 857 1522 habebant
876 1453 1025 1521 obsidum
1043 1458 1125 1523 loco.
1160 1459 1203 1523 Hi

191 1576 266 1619 suos
288 1558 385 1618 notos
407 1553 617 1638 hospitesque
641 1555 847 1638 quaerebant,
869 1575 926 1637 per
950 1575 1045 1636 quem
1068 1556 1203 1642 quisque

191 1674 302 1717 eorum
329 1652 449 1716 aditum
479 1651 764 1717 commendationis
791 1651 925 1715 haberet
957 1651 997 1714 ad
1026 1649 1202 1717 Caesarem.

156 1749 317 1819 6Afranii
338 1751 436 1816 etiam
457 1751 543 1815 filius
566 1748 750 1812 adulescens
774 1749 812 1812 de
841 1770 899 1811 sua
927 1769 963 1811 ac
984 1750 1131 1832 parentis
1155 1752 1203 1815 sui

191 1848 293 1913 salute
325 1871 397 1912 eum
429 1846 563 1913 Caesare
594 1867 652 1930 per
685 1842 863 1928 Sulpicium
899 1845 1042 1929 legatum
1079 1848 1203 1931 agebat.

157 1944 293 2012 tErant
315 1947 410 2030 plena
432 1945 557 2010 laetitia
586 1947 618 2007 61
646 1943 862 2027 gratulatione
886 1941 992 2006 omnia
1020 1945 1053 2004 et
1085 1965 1204 2029 eorum,

191 2044 246 2123 qui
268 2047 359 2106 tanta
381 2044 523 2126 pericula
544 2042 674 2124 vitasse,
698 2044 730 2104 et
753 2062 873 2126 eorum,
900 2040 956 2124 qui
979 2039 1049 2103 sine
1072 2043 1204 2106 vulnere

190 2140 297 2201 tantas
320 2160 371 2202 res
394 2140 568 2203 confecisse
586 2137 786 2222 videbantur,
815 2158 1031 2222 magnumque
1061 2138 1204 2203 fructum

190 2254 266 2296 suae
288 2235 443 2316 pristinae
465 2234 607 2298 lenitatis
628 2235 772 2298 omnium
789 2235 906 2298 iudicio
929 2231 1046 2297 Caesar
1069 2235 1195 2300 ferebat

190 2330 421 2415 consiliumque
444 2332 511 2394 eius
536 2354 554 2394 a
576 2333 699 2395 cunctis
723 2322 930 2415 probabatur.

1196 2289 1204 2321 5

156 2448 170 2494 1
255 2425 383 2491 LXXV.
425 2426 548 2504 Quibus
571 2426 668 2490 rebus
691 2430 850 2493 nuntiatis
872 2427 1026 2492 Afranius
1049 2430 1091 2493 ab
1113 2431 1205 2495 insti·
1224 2449 1253 2460 ’·

189 2528 262 2588 tuto
286 2545 380 2607 opere
403 2524 536 2588 discedit
555 2545 653 2606 seque
671 2525 707 2588 in
724 2529 831 2589 castra
849 2525 972 2610 recipit,
996 2525 1042 2588 sic
1059 2532 1204 2613 paratuS,

188 2626 226 2686 ut
257 2622 438 2706 videbatur,
474 2626 524 2706 ut,
557 2621 749 2706 quicumque
781 2621 946 2685 accidisset
980 2644 1087 2708 casus,
1119 2624 1204 2690 hunc

154 2739 169 2786 2
190 2720 298 2802 quieto
319 2721 350 2781 et
370 2740 469 2802 aequo
490 2720 595 2783 animo
614 2718 721 2783 ferret.
753 2717 900 2783 Petreius
914 2741 989 2784 vero
1003 2741 1071 2783 non
1084 2722 1204 2786 deserit

189 2838 265 2881 sese.
311 2814 425 2880 Armet
447 2816 615 2900 familiam3
639 2838 711 2879 cum
738 2814 798 2878 hae
827 2819 859 2879 et
882 2817 1042 2899 praetoria
1070 2817 1204 2883 cohorte

189 2917 383 2978 cetratorum
411 2912 621 2996 barbarisque
651 2913 814 2996 equitibus
842 2913 962 2997 paucis,
989 2914 1202 2980 beneficiariis

189 3012 272 3095 suis,
304 3033 385 3094 quos
418 3032 493 3074 suae
525 3010 688 3074 custodiae
715 3000 968 3073 causa-habere
984 3018 1204 3099 consueverat,

187 3108 362 3193 improviso
386 3109 426 3172 ad
446 3108 568 3172 vallum
591 3107 730 3191 advolat,
754 3108 924 3192 conloquia
941 3108 1083 3172 militum
1105 3110 1203 3173 inter-

187 3206 318 3292 rumpit,
334 3209 464 3270 nostros
483 3204 610 3287 repellit
631 3226 649 3266 a
668 3203 792 3287 castris,
817 3226 897 3287 quos
916 3205 1134 3291 deprehendit,
1157 3208 1202 3271 in-

152 3319 168 3365 3
187 3303 313 3367 terficit.
353 3301 483 3386 Reliqui
506 3305 622 3366 oo'eunt
645 3301 730 3363 inter
755 3321 789 3362 se
812 3305 844 3364 et
866 3303 1032 3385 repentino
1057 3305 1202 3387 periculo

188 3400 333 3463 exterriti
357 3400 504 3464 sinistras
528 3400 616 3484 sagis
640 3396 809 3460 involvunt
839 3398 1026 3481 gladiosque
1066 3400 1203 3464 destrin-

187 3500 269 3576 gunt
297 3499 393 3577 atque
420 3498 468 3560 ita
495 3519 528 3559 se
564 3519 582 3558 a
614 3493 746 3558 cetratis
775 3495 1000 3576 equitibusque
1027 3496 1202 3561 defendunt

152 3580 162 3597 “
186 3591 364 3650 castrorum
394 3591 635 3673 propinquitate
664 3588 776 3651 confisi
804 3611 900 3670 seque
927 3591 960 3651 in
989 3595 1095 3655 castra
1127 3596 1203 3659 reci-

1287 951 1290 1005 l
