2584 4075
196 248 258 308 112
543 248 590 300 DE
610 247 727 300 BELLO
748 247 857 301 CIVILI

193 392 363 455 restituere
386 392 514 476 vellent,
537 391 648 455 multis
672 392 827 474 coemptis
852 392 942 474 equis
966 393 1007 455 ad
1020 390 1215 475 Pompeium

194 488 479 559 transieruntcum
493 489 543 572 110,
553 509 634 572 quos
645 488 697 551 011
711 489 838 552 consilii
851 489 1024 572 participes
1037 489 1220 571 habebant

161 602 174 647 1
260 584 342 649 LXI.
381 585 468 661 Quos
500 583 687 668 Pompeius,
724 585 810 667 quod
846 588 948 673 erant
968 585 1109 649 honesto
1143 587 1214 648 loco

194 684 263 747 nati
287 687 319 746 et
341 684 492 747 instructi
510 683 688 746 liberaliter
706 702 887 765 magnoque
906 682 1062 746 comitatu
1082 687 1116 745 et
1134 684 1216 746 mul-

195 781 238 844 tis
262 780 414 843 iumentis
437 783 590 843 venerant
613 778 740 862 virique
762 779 863 842 fortes
891 778 1095 843 habebantur
1125 785 1158 842 01
1182 781 1217 843 in

195 875 775 960 11011010ορ110000010111010111,
804 876 952 958 quodque
979 878 1159 941 1111011111
1184 882 1216 940 et
1279 886 1280 889 ’

197 978 324 1056 praeter
352 973 616 1036 consuetudInem
644 972 809 1055 acciderat,
837 973 945 1036 omnia
973 996 1030 1036 sua
1052 975 1216 1057 praesidia

162 1070 409 1134 acircumduxit
442 1074 538 1153 atque
571 1070 755 1133 ostentavit.
797 1067 882 1132 Nam
914 1075 989 1133 ante
1019 1070 1053 1133 id
1085 1074 1215 1153 tempus

189 1188 290 1249 nemo
323 1171 379 1231 aut
409 1167 502 1230 miles
536 1170 591 1230 aut
620 1188 716 1249 eques
745 1190 763 1229 a
791 1165 926 1230 Caesare
954 1167 993 1229 ad
1023 1166 1216 1251 Pompeium

197 1265 379 1347 transierat,
402 1286 474 1327 cum
496 1285 597 1346 paene
620 1263 738 1326 cotidie
762 1286 780 1325 a
801 1260 955 1346 Pompeio
981 1264 1020 1327 ad
1044 1262 1216 1328 Caesarem

197 1361 575 1444 ρο1113010111110111111111,
599 1361 696 1443 vulgo
720 1381 796 1423 1010
820 1361 961 1423 universi
983 1361 1019 1424 in
1041 1361 1143 1445 Epiro
1168 1367 1215 1426 at-

198 1480 260 1541 que
296 1457 424 1521 Aetolia
461 1457 634 1540 conscripti
671 1457 791 1520 milites
833 1479 1005 1540 earumque
1045 1460 1215 1543 regionum
1279 1518 1280 1551 ,

164 1556 351 1639 somnium,
374 1577 455 1638 quae
479 1579 497 1618 a
520 1553 656 1619 Caesare
678 1554 879 1617 tenebantur.
927 1552 989 1617 Sed
1016 1553 1051 1617 hi
1075 1557 1213 1640 cognitis
1279 1556 1280 1609 l

198 1653 349 1716 omnibus
381 1652 491 1736 rebus,
523 1672 579 1714 seu
609 1650 688 1734 quid
714 1651 749 1713 in
774 1650 1010 1715 munitionibus
1038 1653 1214 1734 perfectum
1279 1664 1280 1687 ³

199 1770 266 1812 non
289 1753 367 1831 0101,
390 1770 446 1811 001
469 1748 547 1831 quid
570 1770 588 1809 a
610 1747 819 1829 peritioribus
847 1748 894 1809 rei
915 1749 1067 1812 militaris
1096 1750 1213 1813 deside-

200 1846 265 1909 rari
291 1846 475 1929 videbatur,
502 1844 766 1927 temporibusque
793 1866 900 1908 rerum
927 1845 967 1907 et'
988 1846 1101 1928 spatiis
1131 1848 1214 1911 loco-

200 1966 273 2006 rum
291 1942 559 2017 ct„custodiarum
577 1941 666 2004 varia
685 1941 852 2024 diligentia
871 1942 1100 2028 animadversa,
1117 1950 1214 2028 prout

201 2041 354 2123 cuiusque
386 2061 506 2123 0011111,
538 2039 593 2123 qui
624 2037 766 2122 negotiis
798 2043 980 2124 praeerant,
1012 2044 1068 2102 aut
1098 2047 1214 2105 natura

202 2142 257 2200 aut
285 2136 429 2200 studium
455 2136 588 2220 ferebat,
617 2135 696 2198 haec
719 2136 758 2198 ad
784 2135 974 2218 Pompeium
997 2137 1104 2199 omnia
1127 2138 1214 2201 detu-

201 2234 316 2297 lerunt.
1006 2312 1010 2318 ,

168 2350 181 2395 1
267 2329 365 2394 LXII.
404 2329 527 2405 Quibus
550 2332 605 2394 ille
628 2330 766 2415 cognitis
790 2330 1033 2413 eruptionisque
1055 2331 1120 2395 iam
1140 2336 1214 2394 ante

202 2432 295 2510 capto
319 2427 463 2511 consilio,
486 2431 522 2489 ut
546 2428 801 2490 demonstratum
829 2432 887 2511 001,
909 2428 1087 2511 tegimenta
1115 2429 1213 2513 galeis

202 2525 321 2589 milites
345 2546 384 2587 cx
406 2524 581 2587 viminibus
604 2524 708 2586 facere
731 2527 827 2606 atque
851 2545 1000 2608 aggerem
1022 2525 1113 2589 iubet
1133 2548 1213 2589 com-

168 2626 339 2706 aportare.
385 2621 446 2685 His
479 2621 600 2704 paratis
627 2621 724 2686 rebus
752 2643 905 2705 magnum
935 2643 1104 2686 numerum
1134 2623 1213 2687 levis

203 2723 383 2782 armaturae
407 2722 439 2781 01
463 2716 705 2802 sagittariorum
728 2739 940 2802 aggeremque
971 2740 1097 2783 omnem
1117 2725 1213 2784 noctu

202 2819 237 2880 in
269 2816 403 2900 scaphas
435 2819 467 2879 et
498 2836 596 2879 naves
630 2816 787 2878 actuarias
821 2816 958 2900 imponit
986 2821 1019 2879 et
1048 2817 1086 2880 de
1112 2818 1214 2881 media
1279 2879 1280 2882 ,

202 2918 296 2977 10010
328 2912 477 2976 cohortes
510 2929 557 2974 Lx
588 2933 627 2973 ex
658 2913 806 2976 maximis
840 2914 953 2977 castris
986 2914 1214 2997 praesidiisque
1279 2997 1280 3000 Ἴ

204 3011 354 3073 deductas
379 3011 418 3073 ad
442 3032 511 3072 eam
533 3012 658 3092 partem
680 3009 898 3073 munitionum
920 3011 1018 3095 ducit,
1046 3033 1126 3094 quae
1148 3033 1214 3095 per-

203 3110 327 3172 tinebat
351 3108 391 3171 ad
412 3129 500 3170 mare
522 3106 773 3190 longissimeque
797 3130 815 3169 a
837 3108 984 3171 maximis
1009 3106 1214 3171 000111οθ00-

169 3226 184 3271 3
205 3206 284 3268 saris
301 3205 418 3290 aberat.
447 3204 567 3268 Eodem
583 3225 691 3287 naves,
706 3225 785 3285 quas
800 3205 1087 3268 demonstravimus
1102 3226 1214 3290 aggere

204 3303 236 3363 et
267 3300 347 3363 levis
381 3304 559 3364 armaturae
593 3299 753 3363 militibus
787 3303 976 3385 completas,
1004 3322 1146 3385 quasque
1177 3304 1215 3366 ad

203 3395 418 3477 Dyrrachium
444 3418 542 3461 naves
570 3397 684 3479 longas
713 3397 866 3483 habebat,
893 3399 996 3461 mittit
1024 3402 1069 3482 01,
1100 3399 1215 3481 quida

170 3509 187 3553 4
206 3512 332 3573 quoquc
354 3494 424 3555 fieri
447 3494 535 3578 velit,
558 3493 722 3575 praecipit.
768 3495 820 3558 Ad
847 3518 900 3572 eas
923 3496 1119 3559 munitiones
1142 3491 1214 3559 Cae·
1279 3540 1280 3543 ,

206 3605 258 3644 001
289 3585 462 3652 Lentulum
494 3588 716 3651 Marcellinum
749 3594 953 3672 quaestorem
985 3613 1057 3655 cum
1092 3592 1214 3676 legione
