2584 4075
376 250 490 309 COMM.
509 252 555 308 Ill
594 253 672 309 CAP.
691 254 799 309 I-llII.
1056 255 1098 319 79

83 396 122 459 ab
137 396 218 460 urbe
232 395 446 480 proficiscitur
460 396 733 483 Brundisiumque
746 400 900 483 pervenit.
933 398 984 463 Eo
1000 399 1098 483 legio·
1118 421 1133 467 a

80 514 137 557 nos
151 510 212 578 ΧΠ,
231 493 410 577 equitatum
434 516 561 559 omnem
579 497 688 561 venire
706 498 852 561 iusserat.
885 495 948 562 Sed
970 501 1098 561 tantum

79 591 215 655 nauium
238 591 392 675 repperit,
422 595 460 656 ut
491 597 630 678 anguste
655 611 703 657 xv
731 595 822 659 milia
846 594 1097 680 legionariorum

79 688 235 773 militum,
261 705 286 752 Ι)
314 689 438 773 equites
465 692 681 1048 transppptari
709 697 850 776 possent.
896 691 966 756 Hoc
997 712 1097 755 unum

80 786 205 871 [inopia
227 785 371 870 navium]
388 783 516 851 Caesari
535 789 575 851 ad
597 788 793 853 celeritatem
811 789 996 854 conficiendi
1019 789 1097 852 belli

78 884 189 948 defuit.
245 882 353 967 Atque
385 902 439 948 eae
471 884 560 968 ipsae
609 886 701 969 opiae
731 886 794 951 hoc
828 885 1131 970 infrequentioress

76 982 299 1066 imponuntur,
322 982 409 1064 quod
430 981 526 1045 multi
550 980 578 1049 C
624 983 683 1047 icis
711 988 762 1047 tot
786 984 880 1049 bellis
909 984 1097 1068 defecerant,

75 1079 276 1165 longumque
303 1078 365 1142 iter
392 1099 432 1143 ex
455 1078 613 1163 Hispania
635 1101 788 1165 magnum
809 1103 978 1146 numerum
1001 1081 1096 1145 demi-

74 1180 203 1260 nuerat,
226 1179 258 1239 et
281 1174 390 1259 gravis
413 1179 585 1241 autumnus
609 1178 645 1241 in
658 1178 778 1262 Apulia
795 1179 976 1263 circumque
994 1178 1096 1242 Brun·

75 1274 198 1338 disium
221 1292 260 1336 ex
282 1271 501 1337 saluberrimis
518 1272 641 1339 Galliae
664 1280 697 1339 et
710 1275 886 1360 Hispaniae
908 1276 1094 1362 regionibus

75 1392 208 1437 omnem
230 1369 404 1433 exercitum
426 1370 609 1436 valetudine
631 1376 853 1458 temptaverat.

142 1466 202 1532 111.
238 1465 409 1549 Pompeius
442 1488 583 1532 annuum
615 1472 757 1554 spatium
789 1472 830 1535 ad
864 1472 1127 1557 comparandasr

73 1565 186 1650 copias
213 1566 338 1647 nactus,
365 1564 452 1646 quod
478 1586 614 1630 vacuum
642 1590 661 1631 a
687 1569 773 1633 bello
802 1572 899 1653 atque
926 1571 966 1634 ab
998 1570 1094 1634 hoste

74 1664 220 1730 otiosum
241 1660 356 1745 fuerat,
378 1682 528 1746 magnam
547 1684 585 1725 ex
599 1662 679 1727 Asia
695 1664 951 1750 Cycladibusque
968 1667 1093 1751 insulis,

74 1759 227 1844 Corcyra,
249 1755 397 1842 Athenis,
411 1756 526 1843 Ponto,
545 1758 709 1845 Bithynia,
728 1759 831 1847 Syria,
852 1760 973 1846 Cilicia,
992 1761 1092 1828 Phoe·

73 1860 154 1943 nice,
168 1856 320 1940 Aegypto
343 1855 477 1919 classem
500 1862 658 1942 coegerat,
676 1878 826 1943 maguam
844 1860 993 1923 omnibus
1011 1860 1091 1925 locis

74 1954 304 2022 aedificandam
326 1958 504 2048 curaverat,
524 1973 675 2039 magnam
693 1954 883 2040 imperatam
905 1956 1012 2044 Asiae,
1034 1955 1126 2043 Sys

73 2056 140 2120 riae
164 2051 358 2136 regibusque
387 2052 535 2116 omnibus
564 2056 596 2116 et
624 2053 770 2136 dynastis
799 2058 831 2118 et
858 2054 1028 2119 tetrarchis
1059 2061 1092 2121 et

74 2151 186 2217 liberis
214 2147 356 2212 Achaiae
387 2149 515 2232 populis
548 2151 715 2232 pecuniam
750 2154 913 2236 exegerat,
942 2172 1092 2237 magnam

74 2249 246 2314 societates
279 2267 388 2309 aarum
420 2247 670 2332 provinciarum,
703 2269 783 2332 quas
815 2248 885 2331 ipse
915 2248 1093 2336 obtinebat,

74 2345 139 2409 sibi
161 2364 329 2409 numerare
352 2347 508 2427 cc’e‘gerat.

148 2437 223 2504 IIII.
259 2438 417 2525 Legiones
453 2438 600 2502 effecerat
636 2437 755 2502 civium
789 2437 1010 2505 Romanorum
1041 2460 1126 2506 lxzr

10 2579 11 2582 =
74 2555 96 2599 v
119 2558 160 2601 ex
182 2533 287 2620 Italia,
311 2555 391 2617 quas
414 2535 617 2619 traduxerat,
644 2557 742 2599 unam
769 2557 808 2599 ex
831 2533 944 2600 Cilicia
972 2541 1092 2602 vetera-

73 2655 158 2718 nam,
191 2653 288 2715 quam
319 2631 438 2695 factam
470 2652 510 2695 ex
541 2632 665 2696 duabus
699 2633 866 2716 gemellam
896 2633 1092 2718 appellabat3

73 2752 172 2794 unam
200 2749 239 2792 ex
266 2725 362 2792 Creta
389 2732 422 2792 et
449 2726 635 2794 Macedonia
664 2751 702 2793 ex
733 2730 892 2794 veteranis
924 2730 1092 2817 militibus,

74 2826 130 2910 qui
158 2825 284 2889 dimissi
312 2849 330 2889 a
360 2826 580 2909 superioribus
607 2827 856 2910 imperatoribus
884 2826 919 2890 in
946 2825 998 2890 bis
1020 2849 1092 2910 pro-

73 2923 188 2987 vinciis
212 2924 432 3007 consederant3
452 2924 531 2988 duas
550 2946 589 2988 er
602 2923 692 3009 Asia,
710 2946 789 3008 quas
804 2923 962 2988 Lentulus
980 2927 1093 2990 consul

74 3019 319 3084 conscribendas
343 3025 516 3084 curaverat.
557 3020 726 3085 Praeterea
747 3043 901 3106 magnum
923 3043 1092 3087 numerum
1110 3038 1125 3084 2

74 3138 112 3181 ex
139 3116 321 3201 Thessalia,
348 3115 497 3201 Boeotia,
524 3117 647 3183 Achaia
678 3118 845 3203 Epiroque
878 3120 1092 3201 supplementi

73 3215 203 3278 nomine
221 3214 256 3277 in
273 3213 417 3298 legiones
437 3214 660 3299 distribuerat,
678 3215 730 3279 his
745 3214 948 3279 Antonianos
971 3216 1090 3281 milites

74 3311 294 3378 admiscuerat.
343 3309 476 3375 Praeter
505 3311 564 3376 has
597 3312 803 3396 exspectabat
836 3333 909 3375 cum
942 3309 1125 3395 Scipionea

75 3430 112 3472 ex
140 3406 235 3493 Syria
262 3408 405 3492 legiones
433 3425 467 3471 11.
519 3405 769 3494 Sagittariorum
801 3406 907 3492 Creta,
938 3407 1091 3475 Lacedae-

74 3527 180 3589 mona,
212 3526 251 3569 ex
283 3502 387 3568 Ponto
420 3507 517 3588 atque
549 3503 643 3589 Syria
675 3507 871 3590 reliquisque
902 3506 1088 3573 civitatibus

74 3619 113 3665 111
133 3602 222 3665 milia
246 3622 378 3665 numero
401 3600 550 3688 habebat,
577 3602 778 3667 funditorum
805 3602 953 3667 cohortes
984 3626 1087 3670 sexce-
