2584 4075
166 265 207 330 38
518 267 567 321 11
586 267 704 322 anano
724 267 832 336 111111

164 410 260 473 veriti
281 432 322 474 ne
343 414 442 475 noctu
464 411 610 495 impediti
634 411 695 475 sub
719 434 814 476 onere
837 412 1008 497 confligere
1032 433 1181 497 cogeren-

165 511 220 570 tur
244 511 300 571 aut
321 528 363 571 ne
385 508 426 572 ab
449 508 596 592 equitatu
615 504 762 572 Caesaris
784 510 820 572 in
846 509 1006 593 angustiis
1036 513 1181 573 teneren-

116 605 120 610 ’
165 608 229 690 tur,
259 605 322 668 iter
354 606 558 689 supprimunt
590 605 762 688 copiasque
793 606 829 669 in
860 606 974 670 castris
1004 606 1180 670 continent.

131 700 300 767 3Postero
322 702 372 765 die
394 700 540 766 Petreius
568 723 640 766 cum
667 703 776 785 paucis
807 703 970 787 equitibus
994 703 1118 767 occulte
1141 702 1182 765 ad

167 800 360 883 exploranda
381 799 452 863 loca
474 799 696 883 proficiscitur.
741 797 813 863 Hoc
835 799 921 863 idem
941 800 980 863 fit
1004 822 1043 863 ex
1066 800 1180 864 castris

167 894 320 960 Caesaris.
365 895 511 960 Mittitur
533 895 568 961 L.
592 894 744 960 Decidius
768 893 853 960 Saxa
880 919 952 960 cum
981 897 1102 982 paucis,
1125 897 1181 980 qui

131 1011 148 1058 4
166 993 229 1055 loci
249 996 399 1056 naturam
421 993 602 1077 perspiciat.
643 990 787 1076 Uterque
809 994 894 1057 idem
912 994 980 1058 suis
1003 994 1180 1058 renuntiat:

167 1106 191 1151 v
217 1088 307 1152 milia
333 1110 488 1172 passuum
514 1090 661 1173 proxima
683 1090 878 1154 intercedere
905 1091 1031 1155 itineris
1060 1113 1181 1175 campe-

168 1185 255 1271 stris,
277 1186 351 1263 inde
374 1186 517 1270 excipere
540 1187 610 1250 loca
629 1208 742 1270 aspera
760 1192 792 1251 et
810 1191 998 1273 montuosa3
1017 1189 1075 1273 qui
1093 1189 1181 1273 prior

166 1282 226 1347 has
253 1284 419 1368 angustias
448 1284 663 1368 occupaverit,
697 1282 738 1347 ab
764 1283 827 1349 hoc
857 1284 986 1349 hostem
1016 1285 1182 1369 prohiberi

167 1379 250 1443 nihil
272 1402 341 1443 esse
363 1381 494 1464 negotii.
799 1366 807 1380 ⁸

134 1498 148 1545 1
234 1475 363 1541 LXVII.
400 1476 595 1561 Disputatur
631 1479 667 1542 in
702 1476 837 1542 consilio
869 1499 888 1540 a
919 1476 1047 1543 Petreio
1085 1483 1181 1563 atque

167 1572 302 1639 Afranio
322 1579 353 1639 et
371 1578 498 1659 tempus
512 1575 721 1659 profectionis
736 1575 908 1659 quaeritur.
945 1572 1096 1658 Plerique
1114 1598 1181 1639 cen-

169 1672 291 1758 sebant,
309 1677 346 1736 ut
363 1678 461 1737 noctu
479 1673 541 1736 iter
558 1673 712 1756 facerent3
731 1693 826 1755 posse
844 1672 934 1754 prius
954 1672 993 1735 ad
1014 1673 1180 1757 angustias

134 1790 149 1837 a
168 1770 279 1855 veniri,
303 1792 399 1855 quam
421 1769 602 1849 sentiretur.
648 1768 725 1853 Alii,
754 1768 840 1852 quod
861 1768 964 1852 pridie
988 1773 1087 1834 noctu
1111 1793 1180 1835 con-

169 1868 340 1932 clamatum
354 1873 438 1933 esset
452 1868 487 1932 in
506 1865 652 1931 Caesaris
674 1861 797 1950 castris,
812 1854 1005 1950 argumenti
1012 1867 1181 1930 sumebant

134 1965 239 2030 aleco
268 1986 335 2028 non
361 1987 456 2049 posse
484 1964 566 2028 clam
593 1963 682 2027 exiri.
729 1959 948 2026 Circumfundi
974 1967 1074 2027 noctu
1098 1966 1182 2049 equi-

168 2065 273 2125 tatum
301 2060 446 2126 Caesaris
475 2066 572 2144 atque
600 2061 707 2125 omnia
734 2061 805 2125 loca
833 2065 929 2144 atque
958 2061 1076 2126 itinera
1098 2063 1181 2148 obsi·

169 2158 254 2241 dere3
276 2162 496 2241 nocturnaque
518 2158 641 2242 proelia
664 2180 734 2221 esse
756 2157 895 2243 vitanda,
926 2158 1011 2241 quod
1033 2161 1181 2242 perterri-

168 2258 222 2318 tus
254 2254 345 2317 miles
377 2254 413 2317 in
445 2255 530 2319 civili
569 2255 767 2319 dissensione
796 2255 909 2319 timori
944 2256 1048 2339 magis
1086 2279 1182 2341 quam

133 2351 317 2435 41·eligioni
335 2351 500 2414 consulere
518 2352 727 2415 consueverit.
768 2351 814 2415 At
837 2353 907 2416 luce
930 2352 1070 2415 multum
1087 2375 1182 2436 posse
1251 2398 1257 2412 .

168 2449 323 2532 pudorem
342 2448 484 2511 omnium
497 2446 553 2511 aab
570 2446 680 2530 oculis,
702 2449 841 2512 multum
862 2449 960 2512 etiam
977 2449 1181 2515 tribunorum

167 2544 309 2608 militum
327 2547 359 2608 et
378 2543 600 2607 centurionum
618 2547 834 2627 praesentiam
853 2547 988 2631 adferre3
1004 2546 1122 2630 quibus
1136 2571 1181 2612 re-

134 2662 149 2709 1
168 2643 229 2706 bus
244 2642 381 2706 coerceri
393 2641 513 2731 milites
528 2645 560 2705 et
574 2641 610 2705 in
623 2642 730 2705 officio
745 2643 902 2707 contineri
915 2645 1047 2708 soleant.
1078 2643 1181 2719 Quare

169 2739 257 2802 omni
278 2739 403 2803 ratione
426 2760 495 2802 esse
517 2738 658 2804 interdiu
680 2741 961 2825 perrumpendum3
988 2741 1051 2804 etsi
1073 2742 1179 2825 aliquo

169 2840 297 2919 accepto
312 2836 513 2921 detrimento,
527 2840 635 2900 tamen
649 2858 774 2899 summa
792 2838 949 2900 exercitus
964 2837 1054 2901 salva
1066 2838 1181 2923 locum,

134 2954 264 3017 equom
286 2936 407 3017 petant,
430 2932 501 3015 capi
523 2954 626 3016 posse.
668 2931 756 2996 Haec
778 2932 878 2998 vincit
901 2934 936 2997 in
958 2934 1093 2999 consilio
1114 2957 1180 2999 sen-

168 3031 279 3115 tentia,
302 3035 335 3094 et
356 3030 461 3113 prima
483 3030 553 3093 luce
575 3030 730 3113 postridie
753 3030 957 3094 constituunt
978 3031 1145 3113 proficisci.
1210 3052 1213 3057 ·

134 3147 148 3193 1
235 3126 380 3192 LXVIII.
418 3123 730 3210 Caesarexploratis
745 3127 931 3211 regionibus
949 3126 1077 3191 albente
1095 3127 1179 3191 caelo

169 3246 278 3289 omnes
306 3225 414 3308 copias
444 3225 557 3288 castris
586 3224 691 3287 educit
718 3244 899 3307 magnoque
926 3224 1062 3287 circuitu
1091 3225 1179 3288 nullo

168 3326 255 3385 certo
283 3322 398 3386 itinere
426 3322 599 3386 exercitum
630 3320 727 3385 ducit.
772 3318 920 3404 Namque
947 3320 1073 3405 itinera,
1101 3342 1180 3404 quae
1281 3338 1282 3341 ’

168 3416 208 3479 ad
230 3416 389 3481 Hiberum
412 3422 508 3501 atque
532 3416 724 3511 Octogesam
746 3416 960 3501 pertinebant,
989 3417 1104 3480 castris
1125 3417 1180 3481 ho·
1280 3496 1281 3501 η

133 3512 267 3578 ratium
291 3513 448 3594 oppositis
472 3514 672 3577 tenebantur.
710 3513 778 3596 Ipsi
801 3517 892 3576 erant
913 3514 1180 3578 transcendendae

167 3608 266 3670 valles
289 3609 446 3672 maximae
470 3631 506 3672 ac
528 3609 743 3695 difficillimae,
763 3631 838 3671 saxa
856 3610 968 3672 multis
991 3609 1071 3672 locis
1093 3633 1178 3693 prae
