2584 4075
186 216 229 278 98
537 215 585 268 DE
605 213 722 268 BELLO
742 213 851 268 CIVILI

187 357 368 443 Scipionem
400 382 472 424 cum
503 359 695 444 legionibus,
727 380 844 444 magna
876 359 1027 442 opinione
1053 362 1086 422 et
1115 360 1205 423 fama

188 456 344 541 omnium3
369 479 445 522 nam
472 458 659 541 plerumque
681 456 717 519 in
737 457 884 520 novitate
910 477 975 521 rem
1002 456 1087 520 fama
1115 461 1204 521 ante

151 575 168 621 a
187 554 278 618 cedit.
323 553 386 618 Hic
408 554 498 618 nullo
528 553 564 616 in
589 553 661 618 loco
683 552 889 621 Macedoniae
911 557 1055 618 moratus
1082 576 1204 639 magno

187 651 310 736 impetu
337 651 502 716 contendit
530 650 570 714 ad
596 649 778 714 Domitium
807 655 853 735 et,
875 672 954 717 cum
980 650 1020 715 ab
1051 672 1087 716 eo
1110 652 1204 716 milia

187 770 341 832 passuum
362 766 411 812 xx
435 749 577 833 afuisset,
599 748 708 812 subito
732 769 766 812 se
788 748 829 811 ad
852 744 1000 811 Cassium
1018 746 1205 832 Longinum

60 847 230 930 „Redin
244 846 443 911 Thessaliam
465 845 632 910 convertit.
678 842 750 908 Hoc
773 846 850 909 adeo
879 845 1025 910 celeriter
1051 845 1138 931 fecit,
1165 852 1204 910 ut

188 944 285 1008 simul
307 944 417 1007 adesse
439 946 473 1006 et
499 942 607 1006 venire
632 942 847 1028 nuntiaretur,
877 947 909 1006 et
937 964 1002 1026 quo
1025 943 1088 1007 iter
1111 966 1203 1028 expe·

188 1041 287 1104 ditius
310 1040 437 1125 faceret,
464 1038 506 1104 M.
534 1037 713 1103 Favonium
740 1039 780 1103 ad
807 1039 928 1103 flumen
950 1038 1204 1127 Haliacmonem,

188 1139 274 1222 quod
296 1137 515 1202 Macedoniam
537 1159 557 1200 a
578 1135 745 1200 Thessalia
768 1136 892 1222 dividit,
914 1158 987 1201 cum
1012 1136 1202 1203 cohortibus

187 1254 251 1300 vm
269 1234 428 1319 praesidio
446 1233 684 1318 impedimentis
697 1233 862 1318 legionum
874 1234 1008 1317 reliquit
1021 1236 1202 1300 castellum-

152 1354 169 1400 4
189 1355 250 1417 que
272 1332 319 1396 ibi
341 1331 460 1395 muniri
482 1331 586 1395 iussit.
623 1330 745 1394 Eodem
768 1335 912 1414 tempore
930 1332 1096 1415 equitatus
1116 1335 1201 1419 regis

188 1429 301 1513 Cotyis
324 1429 364 1492 ad
386 1431 491 1492 castra
514 1425 618 1491 Cassii
641 1427 812 1512 advolavit,
841 1427 898 1512 qui
924 1429 1045 1492 circum
1068 1428 1202 1495 Thessa·

153 1529 265 1594 oliam
288 1548 357 1591 esse
380 1529 555 1590 consuerat.
601 1524 685 1588 Tum
707 1526 824 1589 timore
850 1525 1041 1607 perterritus
1070 1523 1202 1592 Cassius

188 1625 318 1711 cognito
355 1621 514 1706 Scipionis
547 1623 686 1686 adventu
722 1621 864 1705 visisque
900 1622 1083 1709 equitibus,
1121 1646 1201 1709 quos

189 1721 348 1807 Scipionis
380 1742 449 1784 esse
481 1719 713 1804 arbitrabatur,
746 1719 785 1783 ad
816 1722 943 1782 montes
971 1740 1005 1781 se
1033 1723 1200 1806 convertit,

189 1823 245 1907 qui
267 1818 466 1884 Thessaliam
487 1818 630 1902 cingunt,
653 1820 750 1899 atque
768 1838 806 1879 ex
828 1814 880 1879 his
898 1815 979 1879 locis
994 1814 1200 1882 Ambraciam

154 1939 299 1985 eversus
323 1919 384 1981 iter
411 1915 514 1979 facere
536 1914 650 1997 coepit.
694 1913 739 1977 At
770 1910 951 1995 Scipionem
974 1920 1200 2003 properantem

190 2016 280 2100 sequi
302 2015 429 2079 litterae
452 2016 528 2077 sunt
551 2015 739 2092 consecutae
757 2034 777 2075 a
794 2009 837 2075 M.
853 2008 1006 2098 Favonio,
1020 2010 1199 2079 Domitium

189 2135 261 2178 cum
282 2111 465 2196 legionibus
493 2110 603 2173 adesse
628 2129 733 2192 neque
760 2131 794 2173 se
816 2108 1021 2194 praesidium,
1049 2111 1108 2175 ubi
1130 2134 1199 2177 con-

155 2228 169 2274 7
189 2211 323 2275 stitutus
347 2211 440 2292 esset,
459 2208 527 2270 sine
546 2206 665 2270 auxilio
680 2204 839 2290 Scipionis
860 2210 968 2270 tenere
985 2228 1091 2289 posse.
1129 2208 1199 2284 Qui·

188 2306 249 2371 bus
263 2303 381 2368 litteris
396 2302 533 2385 acceptis
552 2302 722 2366 consilium
741 2300 848 2386 Scipio
866 2303 992 2387 iterque
1010 2310 1200 2390 commutat3

189 2401 336 2469 Cassium
359 2399 450 2483 sequi
473 2398 610 2484 desistit,
627 2398 769 2463 Favonio
789 2400 945 2464 auxilium
966 2400 1050 2465 ferre
1074 2408 1199 2467 conten·

153 2520 169 2567 8
189 2502 243 2566 dit.
279 2499 393 2582 Itaque
416 2497 499 2561 diem
523 2517 559 2560 ac
580 2502 708 2560 noctem
730 2497 916 2561 continuato
934 2497 1050 2561 itinere
1070 2500 1112 2562 ad
1130 2522 1196 2564 eum

188 2597 346 2683 pervenit,
372 2600 440 2659 tam
468 2597 628 2677 oportuno
656 2597 809 2679 tempore,
835 2598 872 2657 ut
902 2594 998 2658 simul
1021 2593 1197 2661 Domitiani

189 2696 345 2762 exercitus
368 2692 474 2777 pulvis
498 2694 680 2756 cerneretur
707 2695 739 2754 et
766 2691 863 2775 primi
890 2696 1113 2761 antecursores
1137 2692 1197 2758 Sci·

187 2793 293 2877 pionis
307 2792 499 2855 viderentur.
534 2788 586 2852 Ita
596 2786 708 2852 Cassio
723 2788 882 2852 industria
894 2786 1041 2873 Domitii,
1056 2788 1198 2875 Fauonio

188 2889 347 2974 Scipionis
371 2886 516 2951 celeritas
540 2885 677 2950 salutem
700 2885 819 2948 attulit.

153 3007 167 3052 1
253 2983 417 3050 XXXVII.
455 2980 561 3066 Scipio
585 2982 719 3046 biduum
741 2984 777 3046 ia
804 2983 917 3046 castris
946 2983 1075 3047 stativis
1099 3008 1198 3049 mora·

187 3090 241 3149 tus
265 3084 304 3148 ad
326 3081 454 3164 flumen,
477 3080 563 3163 quod
585 3080 670 3144 inter
694 3101 766 3143 eum
785 3084 817 3143 et
835 3077 972 3144 Domitii
995 3082 1103 3143 castra
1126 3079 1197 3142 flue-

188 3182 257 3264 bat,
288 3178 545 3260 Haliacmonem,
576 3177 673 3240 tertio
707 3176 757 3239 die
788 3175 891 3259 prima
922 3175 994 3239 luce
1026 3177 1198 3240 exercitum

187 3278 268 3341 vado
287 3275 427 3339 traducit
446 3277 478 3338 et
497 3274 610 3338 castris
629 3273 745 3355 positis
764 3277 894 3356 postero
914 3273 965 3336 die
978 3294 1071 3336 mane
1092 3274 1198 3357 copias

151 3375 261 3435 eante
297 3371 437 3434 frontem
468 3373 648 3433 castrorum
684 3368 824 3433 instruit.
874 3368 1039 3433 Domitius
1072 3391 1198 3453 quoque

187 3460 257 3516 tum
281 3457 344 3519 sibi
372 3458 583 3520 dubitandum
608 3476 676 3518 non
697 3458 833 3542 putavit,
860 3459 939 3541 quin
965 3458 1132 3541 productis
1158 3459 1199 3522 le·

188 3548 339 3630 gionibus
362 3552 484 3631 proelio
509 3552 691 3614 decertaret.
734 3550 796 3615 Sed
819 3574 890 3617 cum
914 3559 998 3618 esset
1020 3555 1106 3620 inter
1125 3556 1199 3619 bina
