2584 4075
343 218 456 273 COMM.
475 220 522 274 ΠΙ.
561 219 637 274 CAP.
659 218 834 275 CXI-CXII.
1038 218 1102 281 143

65 361 223 425 maxime
245 364 423 427 necessaria
446 364 630 446 complexus
649 368 748 428 noetu
765 364 969 448 praemuniit.
1007 362 1049 426 In
1067 383 1104 426 eo
1142 377 1157 425 8

68 462 193 522 tractu
217 461 327 543 oppidi
358 483 432 544 pars
465 465 533 525 erat
567 463 675 547 regiae
706 461 831 547 exigua,
858 462 894 526 in
917 453 1013 545 quam
1036 463 1104 545 ipse

67 555 254 620 habitandi
281 578 384 643 causa
401 558 496 622 initio
522 564 590 623 erat
615 559 779 644 inductus,
798 563 830 623 et
848 558 1010 623 theatrum
1033 581 1105 622 oon-

70 653 232 716 iunetunr
258 654 377 741 domui,
406 656 490 739 quod
522 657 605 720 areis
637 656 768 721 tenebat
798 657 904 721 looum
937 656 1104 739 aditusque

70 750 224 814 habebat
248 751 287 815 ad
309 755 440 836 portum
468 756 500 815 et
524 753 563 816 ad
586 752 713 837 reliqua
731 753 865 817 navalia.
910 751 979 815 Has
1002 751 1104 831 muni·
1141 761 1157 808 9

72 848 190 912 tiones
222 849 466 933 insequentibus
505 850 595 914 auxit
623 850 749 937 diebus,
775 854 812 912 ut
835 870 894 933 pro
924 869 1016 912 muro
1050 848 1104 912 ob·

74 945 185 1009 iectas
207 945 341 1011 haberet
363 969 425 1011 neu
445 948 596 1011 dimicare
616 947 738 1011 invitus
759 950 934 1031 cogeretur.
969 943 1104 1009 Interim
1123 956 1157 1002 10
1260 984 1262 991 ·

74 1043 152 1106 filia
174 1043 280 1107 minor
293 1042 472 1109 Ptolomaei
495 1045 583 1129 regis
607 1067 740 1108 vaouam
758 1043 994 1128 possessionem
1012 1041 1103 1126 regni

79 1163 219 1224 sperans
243 1142 283 1205 ad
304 1140 466 1206 Achillam
485 1164 553 1206 sese
574 1163 616 1205 ex
635 1142 723 1226 regia
741 1140 867 1205 traiecit
890 1160 1017 1222 unaque
1039 1138 1104 1202 bel·
1180 1226 1183 1232 Ι

77 1239 154 1303 lum
188 1239 410 1331 adrninistrare
439 1240 551 1323 coepit.
599 1235 662 1302 Sed
690 1237 835 1302 celeriter
865 1240 914 1301 est
941 1236 1025 1299 inter
1049 1256 1102 1299 eos
1123 1246 1154 1292 11

79 1337 122 1400 de
145 1332 329 1420 principatu
352 1336 570 1400 controuersia
595 1339 675 1421 orta,
701 1356 781 1418 quae
800 1355 851 1397 res
877 1333 960 1416 apud
983 1331 1102 1396 milites
1187 1376 1189 1379 -

80 1434 276 1518 largitiones
311 1435 417 1519 auxit3
448 1434 574 1517 magnis
604 1433 689 1497 enim
714 1431 846 1496 iacturis
875 1430 938 1494 sibi
968 1429 1103 1521 quisque

80 1552 197 1595 eorum
220 1531 343 1594 animos
367 1530 566 1595 conciliabat.
608 1527 697 1593 Haeo
717 1529 795 1592 dum
818 1527 902 1610 apud
919 1526 1031 1590 hostes
1052 1546 1103 1610 ge·
1123 1536 1155 1581 12

79 1631 212 1713 rantur,
234 1627 403 1713 Pothinus,
428 1626 586 1691 nutricius
615 1627 707 1710 pueri
730 1629 762 1689 et
790 1627 980 1710 procurator
1002 1623 1104 1708 regni,

43 1735 45 1738 '
80 1727 119 1789 in
143 1728 235 1809 parte
263 1722 420 1812 Caesaris,
448 1747 521 1789 eum
548 1723 587 1787 ad
614 1721 777 1787 Achillam
798 1719 931 1784 nuntios
958 1719 1103 1783 mitteret
1142 1752 1147 1763 ·

80 1824 343 1908 hortareturque,
365 1844 406 1886 ne
432 1821 564 1906 negotio
593 1820 761 1884 desisteret
788 1840 866 1882 neve
900 1816 1006 1880 animo
1029 1815 1102 1878 defi-

82 1923 181 2003 ceret,
208 1919 358 1984 indicatis
387 1917 655 2003 deprehensisque
683 1915 892 1981 internuntiis
921 1937 939 1977 a
967 1910 1102 1976 Caesare

82 2021 134 2081 est
158 2017 355 2082 interfectus.
400 2016 489 2084 Haeo
511 2017 605 2081 initia
627 2015 705 2080 belli
728 2011 938 2079 Alexandrini
960 2011 1100 2075 fuerunt.
