2584 4075
387 222 499 277 COMM.
519 224 553 278 ΙΙ,
591 223 668 278 ΟΑΡ.
688 225 837 278 X-XHH.
1077 226 1119 289 57

106 387 161 448 spe
183 367 320 449 praedae
342 366 377 431 in
399 366 512 431 urbem
534 369 755 453 inrumperent
773 369 950 453 urbemque
973 370 1121 435 delerent.

104 461 191 526 Haec
215 467 313 547 atque
332 463 473 527 eiusdem
492 466 618 549 generis
638 466 803 549 complura
821 470 857 530 ut
876 467 915 530 ab
935 466 1121 531 hominibus

104 560 206 624 doctis
229 581 349 644 magna
372 564 443 624 'cum
461 562 680 626 misericordia
698 562 840 645 fletuque
862 564 1120 646 pronuntiantur.

170 655 259 722 XIII.
297 655 420 732 Quibus
438 659 534 723 rebus
554 660 707 725 commoti
719 660 820 744 legati
840 660 960 724 milites
975 682 1013 724 ex
1028 642 1121 744 opere
1142 676 1155 721 1

104 753 279 841 deducunt,
307 757 547 840 oppugnatione
574 757 748 841 desistunt,
777 758 928 841 operibus
960 759 1121 823 custodias

103 853 300 935 relinquunt.
352 851 554 918 Indutiarum
588 855 727 937 quodam
759 875 874 938 genere
904 854 1155 919 misericordias

103 948 189 1012 facto
214 948 372 1012 adventus
392 945 537 1013 Caesaris
556 955 770 1034 exspectatur.
807 949 942 1015 Nullum
964 973 1003 1016 ex
1021 974 1123 1038 muro,

102 1045 230 1108 nullum
249 1067 268 1107 a
286 1045 408 1109 nostris
427 1045 572 1110 mittitur
589 1046 709 1131 ‚telum3
732 1051 823 1110 utre
846 1048 989 1111 confecta
1013 1069 1121 1112 omnes

103 1164 214 1207 curam
237 1147 270 1206 et
293 1141 494 1226 diligentiam
515 1144 696 1208 remittunt.
743 1142 860 1208 Caesar
883 1144 969 1208 enim
991 1166 1047 1228 per
1069 1145 1120 1208 lit·
1139 1158 1155 1204 3

103 1245 189 1311 teras
222 1239 383 1304 11111110
415 1260 609 1324 magnopere
641 1241 864 1326 mandaverat,
895 1262 940 1305 ne·
967 1263 1024 1325 per
1055 1242 1121 1305 vim

104 1338 259 1423 oppidum
283 1337 460 1421 expugnari
482 1341 658 1423 pateretur,
675 1359 716 1402 ne
735 1338 866 1423 gravius
885 1338 1023 1421 permoti
1040 1339 1121 1402 mili-

103 1439 152 1500 tes
176 1440 209 1500 et
233 1434 421 1523 den—cusona
445 1434 518 1497 odio
542 1438 574 1498 11
598 1435 838 1519 contemptione
868 1436 919 1499 sui
941 1439 974 1499 et
996 1436 1120 1499 diutino

103 1534 213 1598 labore
242 1553 351 1596 omnes
379 1524 515 1615 puberes
544 1532 773 1616 interficerent,
805 1533 890 1615 quod
918 1554 952 1596 se
978 1533 1156 1597 facturos4
1263 1538 1266 1542 ’

103 1629 311 1695 minabantur
334 1649 491 1713 aegreque
513 1633 584 1692 tum
608 1632 684 1692 sunt
712 1630 839 1714 retenti,
867 1628 946 1712 quin
975 1632 1010 1693 11
1033 1630 1121 1712 oppi-

103 1729 179 1792 dum
202 1727 431 1813 inrumperent,
455 1727 661 1811 graviterque
685 1748 754 1789 eam
772 1748 841 1790 rem
859 1727 1013 1810 11111111,
1035 1727 1121 1808 quod

105 1825 233 1888 stetisse
261 1844 318 1905 per
345 1821 556 1909 Trebonium,
584 1823 755 1906 quominus
784 1823 901 1906 oppido
929 1823 1121 1908 potirentur,

103 1920 280 1983 videbatur.

168 2015 275 2081 XIIII.
311 2015 357 2084 At
379 2017 490 2082 hostes
519 2018 588 2082 sine
616 2018 679 2082 fide
701 2021 828 2100 tempus
857 2021 953 2101 atquc
975 2012 1152 2088 ¹occasio-1

102 2136 176 2178 nem
206 2113 329 2178 fraudis
363 2136 399 2179 ac
430 2114 497 2179 doli
529 2119 688 2199 quaerunt
720 2115 960 2200 interiectisque
996 2116 1120 2199 aliquot

103 2211 226 2298 diebus,
234 2211 357 2276 nostris
370 2212 599 2296 languentibus
615 2215 712 2294 atque
727 2211 833 2276 animo
847 2211 1001 2298 remissie,
1010 2213 1119 2277 subito

102 2309 279 2374 meridiano
311 2313 469 2395 tempore,
502 2331 574 2374 oum
606 2308 689 2372 alius
721 2308 934 2396 discessisset,
966 2310 1048 2374 alius
1081 2332 1120 2375 ex

102 2406 229 2470 diutino
261 2405 373 2470 labore
403 2406 439 2469 in
469 2406 549 2488 ipsis
583 2404 733 2489 operibus
767 2406 869 2489 quieti
901 2428 935 2470 se
972 2407 1120 2493 dedisset,

102 2525 191 2567 arma
218 2523 294 2566 vero
323 2501 430 2565 omnia
461 2503 604 2585 reposita
633 2505 841 2587 contectaque
869 2508 989 2590 essent,
1015 2505 1118 2588 portis

102 2600 189 2663 foras
213 2602 396 2684 erumpunt,
419 2599 557 2663 secundo
576 2621 757 2684 magnoque
776 2605 871 2665 vento
892 2602 1001 2686 ignem
1019 2603 1119 2685 operi·

102 2697 163 2762 bus
187 2696 339 2760 inferunt.
384 2695 480 2761 Hunc
504 2696 550 2760 sic
573 2696 701 2760 distulit
723 2702 848 2784 ventus,
877 2698 927 2762 uti
955 2720 1019 2762 uno
1042 2702 1153 2762 tem-a

102 2816 180 2880 pore
204 2815 312 2879 agger,
339 2793 451 2878 plutei,
472 2795 612 2881 tostud0,
634 2795 744 2880 turris,
772 2798 933 2858 tormenta
959 2794 1119 2858 flammam

102 2891 309 2974 conciperent
331 2895 364 2954 et
387 2890 477 2974 prius
494 2890 573 2955 haec
597 2890 705 2955 omnia
727 2895 1002 2977 consumerentur,
1024 2913 1120 2974 quam

12 3052 18 3058 ,
103 2988 370 3073 quemadmodum
398 2988 573 3074 accidisset,
602 2987 812 3053 animadverti
841 2991 959 3071 posset.
1005 2986 1154 3052 Nostris

102 3086 271 3171 repentina
293 3083 438 3150 Fortuna
460 3085 599 3169 permoti
628 3107 729 3171 arma,
757 3105 837 3167 quae
860 3089 1011 3171 possunt,
1040 3085 1120 3148 adri-

103 3184 209 3268 piunt,
232 3182 288 3245 alii
311 3203 350 3245 ex
373 3182 487 3246 castris
511 3205 580 3247 sese
603 3183 748 3247 incitant.
794 3180 847 3245 Fit
870 3182 906 3245 in
929 3180 1039 3245 hostes
1063 3183 1119 3245 im-

102 3284 197 3362 petus
216 3300 337 3364 eorum,
355 3279 411 3343 sed
428 3282 465 3343 de
482 3300 575 3342 muro
595 3280 726 3363 sagittis
744 3278 979 3361 tormentisque
996 3279 1119 3362 fugien-

102 3381 151 3440 tes
174 3376 326 3460 persequi
347 3375 568 3458 prohibentur.
604 3375 658 3440 llli
678 3376 738 3439 sub
757 3397 885 3439 murum
908 3395 941 3437 se
959 3375 1117 3459 recipiunt
1137 3388 1154 3434 4

102 3471 212 3556 ibique
229 3471 411 3535 musculum
428 3472 608 3555 turrimque
632 3471 810 3536 latericiam
823 3472 923 3535 libere
936 3470 1117 3543 incendunt,

102 3567 152 3632 Ita
179 3568 357 3632 multorum
384 3567 541 3631 mensium
568 3570 661 3633 labor
689 3568 833 3633 hostium
860 3566 993 3651 perfidia
1020 3572 1052 3632 et
1084 3569 1117 3631 vi
