2584 4075
358 259 470 315 COMM.
489 262 510 316 I.
548 261 624 317 CAP.
643 262 828 318 ΧΧ-ΧΧΙΙΙ,
1058 265 1099 329 15

149 405 255 470 XXII.
293 404 413 481 Quarta
435 406 548 491 vigilia
570 407 698 471 circiter
716 406 872 471 Lentulus
888 405 1040 492 Spinther
1063 410 1135 476 der

82 525 177 567 muro
201 524 277 567 oum
302 503 423 587 vigiliis
450 505 701 588 custodibusque
728 504 850 569 nostris
883 506 1099 589 conloquitur:

82 602 174 686 velle,
198 600 228 664 si
251 600 316 664 sibi
337 600 395 664 fiat
418 605 572 688 potestas,
595 599 765 666 Caesarem
787 602 963 667 convenire.
1001 602 1099 667 Facta
1118 623 1135 669 a

82 700 249 781 potestate
272 718 311 761 ex
331 696 447 781 oppido
465 699 619 785 mittitur,
640 696 744 783 neque
767 699 808 763 ab
831 721 868 763 eo
887 700 976 784 prius
990 698 1099 763 Domi-

83 793 165 857 tiani
187 794 310 876 milites
334 794 513 880 discedunt,
541 818 638 879 quam
660 797 923 880 inconspectum
953 794 1097 861 Caesaris

82 892 267 955 deducatur.
314 888 394 956 Cum
426 913 463 956 eo
494 893 533 956 de
565 893 671 958 salute
705 915 764 958 sua
794 896 872 976 opat,
901 898 971 958 orat
1001 897 1132 978 atques

82 989 241 1072 obsecrat,
264 991 301 1052 ut
325 987 388 1051 sibi
410 993 529 1077 parcat,
547 993 750 1074 veteremque
769 991 942 1054 amicitiam
964 1011 1098 1054 comme-

82 1088 188 1150 morat
211 1083 423 1170 Caesarisque
445 1088 480 1151 in
502 1108 537 1150 se
559 1086 713 1152 beneficia
736 1089 877 1174 exponit,
900 1109 981 1172 quae
1006 1092 1096 1152 erant

83 1182 236 1246 maxima:
261 1183 347 1265 quod
360 1205 417 1265 per
431 1205 504 1247 eum
516 1184 551 1247 in
564 1184 736 1269 collegium
751 1185 941 1268 pontificum
957 1189 1097 1270 venerat,
1114 1203 1132 1250 4

82 1280 168 1364 quod
181 1280 383 1364 provinciam
395 1279 587 1364 Hispaniam
604 1302 644 1343 ex
662 1285 813 1364 praetura
831 1281 997 1368 habuerat,
1011 1282 1096 1365 quod

81 1379 116 1442 in
141 1376 302 1461 petitione
329 1378 514 1442 consulatus
542 1378 581 1442 ob
604 1399 637 1442 eo
660 1382 729 1441 erat
757 1377 951 1442 sublevatus.
978 1374 1130 1458 ⁴Cuiuss

82 1475 263 1561 orationem
291 1471 407 1537 Caesar
434 1474 631 1559 interpellat:
665 1497 699 1538 se
730 1496 796 1538 non
822 1475 970 1539 maleficii
1001 1496 1095 1539 causa

82 1596 119 1636 ex
142 1571 310 1657 provincia
333 1592 506 1659 egressum,
524 1572 580 1637 sed
597 1571 646 1635 uti
669 1594 703 1635 se
726 1595 744 1636 a
767 1573 968 1636 contumeliis
991 1572 1095 1635 iuimi-

81 1693 193 1735 corum
215 1667 406 1754 defenderet,
428 1673 465 1732 ut
483 1669 632 1732 tribunos
651 1669 754 1753 plebis
772 1669 891 1732 iniuria
909 1692 947 1733 ex
966 1669 1095 1733 civitate

81 1767 234 1851 expulsos
257 1764 291 1827 in
311 1786 402 1829 suam
420 1764 611 1854 dignitatem
628 1767 813 1830 rest‘tueret
832 1769 864 1829 et
887 1788 920 1829 se
943 1770 975 1829 et
995 1787 1094 1848 popu-

80 1866 149 1929 lum
172 1863 355 1927 Romanurn
377 1863 517 1928 faotione
539 1885 714 1947 paucorum
737 1884 925 1946 oppressum
947 1862 983 1926 in
999 1863 1093 1925 liber·

80 1967 183 2026 tatem
205 1960 389 2025 vindicaret.
427 1958 526 2025 Cuius
546 1960 690 2024 oratione
709 1960 914 2023 confirmatus
928 1957 1094 2045 Lentulus,
1112 1979 1128 2025 6

80 2067 117 2126 ut
140 2061 177 2124 in
200 2058 355 2142 oppidum
372 2058 490 2122 reverti
507 2058 612 2145 liceat,
629 2057 725 2142 petit:
749 2057 835 2141 quod
852 2057 890 2121 de
909 2079 967 2121 sua
990 2057 1092 2122 salute

80 2154 312 2242 impetraverit,
326 2154 395 2217 fore
414 2153 513 2217 etiam
529 2154 663 2239 reliquis
682 2155 722 2219 ad
741 2177 832 2219 suam
851 2177 940 2239 spem
960 2156 1092 2242 solacio3

80 2257 160 2320 adeo
184 2274 255 2341 esse
277 2251 465 2334 perterritos
493 2252 675 2338 nonnullos,
702 2256 739 2315 ut
767 2273 842 2315 suae
869 2253 955 2317 vitae
982 2252 1092 2316 durius

80 2351 249 2418 consulere
272 2352 436 2413 conentur.
482 2346 579 2411 Facta
601 2352 762 2431 potestate
785 2349 926 2414 discedit.

110 2507 119 2526 ,
147 2445 268 2511 XXIII.
305 2442 432 2530 Caesar,
449 2444 506 2508 ubi
523 2444 651 2532 inluxit,
664 2467 773 2509 omnes
792 2450 954 2510 senatores
970 2451 1093 2511 senato·
1112 2466 1125 2513 1

80 2566 217 2627 rumque
239 2542 369 2627 liberos,
392 2542 540 2605 tribunos
563 2543 704 2607 militum
726 2543 911 2627 equitesque
928 2543 1091 2608 Romanos

82 2643 122 2706 ad
145 2663 179 2705 se
202 2640 335 2724 produci
354 2639 452 2703 iubet.
497 2639 601 2703 Erant
625 2640 765 2724 quinque
793 2640 913 2704 ordinis
936 2643 1126 2720 sensurias

80 2737 116 2803 L.
139 2737 314 2821 Domitius,
335 2735 369 2801 P.
384 2735 540 2801 Lentulus
560 2734 722 2823 Spinther,
744 2735 778 2801 L.
800 2734 956 2801 Caecilius
978 2735 1093 2825 Rufus,

82 2834 153 2900 Sex.
177 2833 354 2909 Quintilius
377 2825 484 2898 Varus
508 2837 668 2921 quaestor,
689 2834 724 2898 L.
747 2832 903 2919 Rubrius;
930 2837 1093 2917 praeterea

80 2933 168 2996 filius
182 2930 322 2996 Domitii
340 2930 459 3014 aliique
473 2932 652 3014 complures
671 2933 887 2996 adulescentes
907 2937 939 2996 et
956 2955 1091 3018 magnus

80 3050 234 3093 uumerus
258 3027 403 3111 equitum
425 3026 644 3092 Romanorum
667 3032 699 3092 et
717 3030 932 3116 decurionum,
950 3052 1030 3113 quos
1053 3053 1092 3095 ex

80 3124 266 3217 municipiis
279 3122 443 3187 Domitius
466 3128 659 3189 evocaverat.
696 3124 766 3189 Hos
786 3147 895 3189 omnes
918 3127 1091 3208 productos
1110 3142 1126 3188 3

80 3247 100 3287 a
131 3221 335 3289 contumeliis
371 3220 512 3284 militum
547 3221 761 3305 conviciisque
797 3221 960 3306 prohibet;
992 3245 1092 3306 pauca

80 3321 166 3404 apud
198 3339 254 3383 eos
286 3318 445 3403 loquitur,
477 3319 561 3401 quod
593 3318 656 3382 sibi
686 3341 704 3381 a
731 3323 821 3402 parte
850 3339 959 3381 eorum
987 3322 1092 3403 gratia

79 3418 182 3481 relata
204 3437 273 3480 non
296 3414 339 3478 sit
361 3436 419 3497 pro
444 3416 510 3478 suis
532 3416 568 3479 in
590 3437 644 3480 eos
670 3415 818 3479 maximis
841 3414 1017 3501 beneficiis,
1047 3419 1091 3482 di-

79 3508 184 3581 mittit
208 3534 318 3578 omnes
341 3511 524 3576 incolumes.
569 3529 612 3577 Hs
635 3529 692 3597 Lx,
719 3513 805 3596 quod
832 3511 1000 3577 advexerat
1027 3514 1126 3582 Dor

78 3613 191 3678 mitius
216 3613 313 3693 atque
336 3609 372 3672 in
393 3609 520 3691 publico
544 3610 743 3695 deposuerat,
766 3611 906 3673 adlatum
929 3609 969 3672 ad
992 3633 1026 3676 se
1050 3615 1090 3677 ab
