<?xml version="1.0" encoding="UTF-8"?>
<!DOCTYPE html PUBLIC "-//W3C//DTD XHTML 1.0 Transitional//EN"
    "http://www.w3.org/TR/xhtml1/DTD/xhtml1-transitional.dtd">
<html xmlns="http://www.w3.org/1999/xhtml" xml:lang="en" lang="en">
 <head>
  <title>
</title>
<meta http-equiv="Content-Type" content="text/html;charset=utf-8" />
  <meta name='ocr-system' content='tesseract 3.04.00' />
  <meta name='ocr-capabilities' content='ocr_page ocr_carea ocr_par ocr_line ocrx_word'/>
</head>
<body>
  <div class='ocr_page' id='page_1' title='image "./ciuliicaesarisc00woelgoog_0150.png"; bbox 0 0 2584 4075; ppageno 0'>
   <div class='ocr_carea' id='block_1_1' title="bbox 191 227 859 291">
    <p class='ocr_par' dir='ltr' id='par_1_1' title="bbox 191 227 859 291">
     <span class='ocr_line' id='line_1_1' title="bbox 191 227 859 291; baseline -0.015 0"><span class='ocrx_word' id='word_1_1' title='bbox 191 227 234 291; x_wconf 87' lang='lat'><strong>88</strong></span> <span class='ocrx_word' id='word_1_2' title='bbox 543 229 592 283; x_wconf 85' lang='lat' dir='ltr'><strong>DE</strong></span> <span class='ocrx_word' id='word_1_3' title='bbox 611 228 728 284; x_wconf 84' lang='lat' dir='ltr'>BELLO</span> <span class='ocrx_word' id='word_1_4' title='bbox 749 228 859 284; x_wconf 88' lang='lat' dir='ltr'><strong>CIVlLI</strong></span> 
     </span>
    </p>
   </div>
   <div class='ocr_carea' id='block_1_2' title="bbox 151 346 1283 3657">
    <p class='ocr_par' dir='ltr' id='par_1_2' title="bbox 188 346 1283 652">
     <span class='ocr_line' id='line_1_2' title="bbox 188 346 1283 456; baseline 0 -21"><span class='ocrx_word' id='word_1_5' title='bbox 188 371 282 436; x_wconf 87' lang='lat' dir='ltr'><strong>riculi</strong></span> <span class='ocrx_word' id='word_1_6' title='bbox 304 376 401 456; x_wconf 86' lang='lat' dir='ltr'><strong>atque</strong></span> <span class='ocrx_word' id='word_1_7' title='bbox 424 373 552 456; x_wconf 77' lang='lat' dir='ltr'>inopiae</span> <span class='ocrx_word' id='word_1_8' title='bbox 573 373 724 439; x_wconf 80' lang='lat' dir='ltr'><strong>vitandae</strong></span> <span class='ocrx_word' id='word_1_9' title='bbox 747 395 844 437; x_wconf 76' lang='lat' dir='ltr'><strong>caiisa</strong></span> <span class='ocrx_word' id='word_1_10' title='bbox 871 394 999 437; x_wconf 88' lang='lat' dir='ltr'><strong>omnem</strong></span> <span class='ocrx_word' id='word_1_11' title='bbox 1030 372 1204 436; x_wconf 87' lang='lat' dir='ltr'><strong>orationem</strong></span> <span class='ocrx_word' id='word_1_12' title='bbox 1282 346 1283 393; x_wconf 52' lang='lat'><strong>³</strong></span> 
     </span>
     <span class='ocr_line' id='line_1_3' title="bbox 188 469 1203 554; baseline 0 -22"><span class='ocrx_word' id='word_1_13' title='bbox 188 469 370 535; x_wconf 73' lang='lat' dir='ltr'><strong>instituisse</strong></span> <span class='ocrx_word' id='word_1_14' title='bbox 400 492 504 554; x_wconf 91' lang='lat' dir='ltr'><strong>neque</strong></span> <span class='ocrx_word' id='word_1_15' title='bbox 535 471 636 535; x_wconf 86' lang='lat' dir='ltr'><strong>ullam</strong></span> <span class='ocrx_word' id='word_1_16' title='bbox 669 492 759 554; x_wconf 89' lang='lat' dir='ltr'><strong>spem</strong></span> <span class='ocrx_word' id='word_1_17' title='bbox 785 474 842 534; x_wconf 93' lang='lat' dir='ltr'><strong>aut</strong></span> <span class='ocrx_word' id='word_1_18' title='bbox 870 469 1085 535; x_wconf 87' lang='lat' dir='ltr'><strong>condicionem</strong></span> <span class='ocrx_word' id='word_1_19' title='bbox 1115 470 1203 551; x_wconf 80' lang='lat' dir='ltr'><strong>pacis</strong></span> 
     </span>
     <span class='ocr_line' id='line_1_4' title="bbox 189 564 1160 652; baseline -0.001 -22"><span class='ocrx_word' id='word_1_20' title='bbox 189 564 321 651; x_wconf 88' lang='lat' dir='ltr'><strong>adferre,</strong></span> <span class='ocrx_word' id='word_1_21' title='bbox 343 566 384 631; x_wconf 86' lang='lat' dir='ltr'><strong>ad</strong></span> <span class='ocrx_word' id='word_1_22' title='bbox 405 567 563 651; x_wconf 85' lang='lat' dir='ltr'><strong>reliquam</strong></span> <span class='ocrx_word' id='word_1_23' title='bbox 586 568 817 652; x_wconf 73' lang='lat' dir='ltr'><strong>cogitationem</strong></span> <span class='ocrx_word' id='word_1_24' title='bbox 840 566 919 631; x_wconf 86' lang='lat' dir='ltr'><strong>belli</strong></span> <span class='ocrx_word' id='word_1_25' title='bbox 942 588 1010 630; x_wconf 88' lang='lat' dir='ltr'><strong>sese</strong></span> <span class='ocrx_word' id='word_1_26' title='bbox 1032 566 1160 648; x_wconf 88' lang='lat' dir='ltr'><strong>recepit.</strong></span> 
     </span>
    </p>

    <p class='ocr_par' dir='ltr' id='par_1_3' title="bbox 154 660 1206 942">
     <span class='ocr_line' id='line_1_5' title="bbox 154 660 1205 745; baseline -0.003 -16"><span class='ocrx_word' id='word_1_27' title='bbox 154 683 169 729; x_wconf 87' lang='lat'>1</span> <span class='ocrx_word' id='word_1_28' title='bbox 255 660 374 727; x_wconf 85' lang='lat' dir='ltr'>XVIII.</span> <span class='ocrx_word' id='word_1_29' title='bbox 415 662 553 731; x_wconf 87' lang='lat' dir='ltr'><strong>Bibulus</strong></span> <span class='ocrx_word' id='word_1_30' title='bbox 584 663 706 729; x_wconf 91' lang='lat' dir='ltr'><strong>multos</strong></span> <span class='ocrx_word' id='word_1_31' title='bbox 739 664 806 728; x_wconf 86' lang='lat' dir='ltr'><strong>dies</strong></span> <span class='ocrx_word' id='word_1_32' title='bbox 839 668 926 727; x_wconf 89' lang='lat' dir='ltr'><strong>terra</strong></span> <span class='ocrx_word' id='word_1_33' title='bbox 957 661 1139 745; x_wconf 86' lang='lat' dir='ltr'><strong>prohibitus</strong></span> <span class='ocrx_word' id='word_1_34' title='bbox 1173 667 1205 726; x_wconf 84' lang='lat' dir='ltr'><strong>et</strong></span> 
     </span>
     <span class='ocr_line' id='line_1_6' title="bbox 189 760 1206 846; baseline 0 -23"><span class='ocrx_word' id='word_1_35' title='bbox 189 760 337 844; x_wconf 82' lang='lat' dir='ltr'><strong>graviore</strong></span> <span class='ocrx_word' id='word_1_36' title='bbox 363 761 477 825; x_wconf 89' lang='lat' dir='ltr'><strong>morbo</strong></span> <span class='ocrx_word' id='word_1_37' title='bbox 507 783 546 825; x_wconf 87' lang='lat' dir='ltr'><strong>ex</strong></span> <span class='ocrx_word' id='word_1_38' title='bbox 573 761 694 846; x_wconf 79' lang='lat' dir='ltr'><strong>frigore</strong></span> <span class='ocrx_word' id='word_1_39' title='bbox 717 783 753 825; x_wconf 90' lang='lat' dir='ltr'><strong>ac</strong></span> <span class='ocrx_word' id='word_1_40' title='bbox 774 761 885 826; x_wconf 90' lang='lat' dir='ltr'><strong>labore</strong></span> <span class='ocrx_word' id='word_1_41' title='bbox 912 760 1104 844; x_wconf 87' lang='lat' dir='ltr'><strong>implicitus,</strong></span> <span class='ocrx_word' id='word_1_42' title='bbox 1133 781 1206 823; x_wconf 91' lang='lat' dir='ltr'><strong>cum</strong></span> 
     </span>
     <span class='ocr_line' id='line_1_7' title="bbox 188 856 1205 942; baseline 0.001 -22"><span class='ocrx_word' id='word_1_43' title='bbox 188 878 292 940; x_wconf 89' lang='lat' dir='ltr'><strong>neque</strong></span> <span class='ocrx_word' id='word_1_44' title='bbox 309 857 414 921; x_wconf 87' lang='lat' dir='ltr'><strong>curari</strong></span> <span class='ocrx_word' id='word_1_45' title='bbox 432 862 543 941; x_wconf 88' lang='lat' dir='ltr'><strong>posset</strong></span> <span class='ocrx_word' id='word_1_46' title='bbox 564 879 668 942; x_wconf 88' lang='lat' dir='ltr'><strong>neque</strong></span> <span class='ocrx_word' id='word_1_47' title='bbox 693 862 877 942; x_wconf 88' lang='lat' dir='ltr'><strong>susceptum</strong></span> <span class='ocrx_word' id='word_1_48' title='bbox 900 856 1043 922; x_wconf 88' lang='lat' dir='ltr'><strong>officium</strong></span> <span class='ocrx_word' id='word_1_49' title='bbox 1060 857 1205 921; x_wconf 88' lang='lat' dir='ltr'><strong>deserere</strong></span> 
     </span>
    </p>

    <p class='ocr_par' dir='ltr' id='par_1_4' title="bbox 154 951 1283 1232">
     <span class='ocr_line' id='line_1_8' title="bbox 154 951 1205 1038; baseline -0.001 -19"><span class='ocrx_word' id='word_1_50' title='bbox 154 953 294 1038; x_wconf 77' lang='lat' dir='ltr'><strong>avellet,</strong></span> <span class='ocrx_word' id='word_1_51' title='bbox 320 954 386 1018; x_wconf 86' lang='lat' dir='ltr'><strong>vim</strong></span> <span class='ocrx_word' id='word_1_52' title='bbox 413 955 520 1019; x_wconf 87' lang='lat' dir='ltr'><strong>morbi</strong></span> <span class='ocrx_word' id='word_1_53' title='bbox 547 955 706 1018; x_wconf 88' lang='lat' dir='ltr'><strong>sustinere</strong></span> <span class='ocrx_word' id='word_1_54' title='bbox 736 977 803 1019; x_wconf 92' lang='lat' dir='ltr'><strong>non</strong></span> <span class='ocrx_word' id='word_1_55' title='bbox 829 954 947 1038; x_wconf 88' lang='lat' dir='ltr'><strong>potuit.</strong></span> <span class='ocrx_word' id='word_1_56' title='bbox 990 951 1041 1016; x_wconf 83' lang='lat' dir='ltr'><strong>Eo</strong></span> <span class='ocrx_word' id='word_1_57' title='bbox 1076 959 1205 1018; x_wconf 88' lang='lat' dir='ltr'><strong>mortuo</strong></span> 
     </span>
     <span class='ocr_line' id='line_1_9' title="bbox 189 1044 1283 1135; baseline 0.001 -22"><span class='ocrx_word' id='word_1_58' title='bbox 189 1051 230 1113; x_wconf 90' lang='lat' dir='ltr'><strong>ad</strong></span> <span class='ocrx_word' id='word_1_59' title='bbox 245 1051 406 1114; x_wconf 90' lang='lat' dir='ltr'><strong>neminem</strong></span> <span class='ocrx_word' id='word_1_60' title='bbox 423 1073 524 1115; x_wconf 91' lang='lat' dir='ltr'><strong>unum</strong></span> <span class='ocrx_word' id='word_1_61' title='bbox 543 1073 667 1115; x_wconf 88' lang='lat' dir='ltr'><strong>summa</strong></span> <span class='ocrx_word' id='word_1_62' title='bbox 685 1051 813 1135; x_wconf 90' lang='lat' dir='ltr'><strong>imperii</strong></span> <span class='ocrx_word' id='word_1_63' title='bbox 833 1051 939 1135; x_wconf 88' lang='lat' dir='ltr'><strong>rediit,</strong></span> <span class='ocrx_word' id='word_1_64' title='bbox 958 1050 1011 1114; x_wconf 82' lang='lat' dir='ltr'><strong>sed</strong></span> <span class='ocrx_word' id='word_1_65' title='bbox 1033 1050 1206 1134; x_wconf 87' lang='lat' dir='ltr'><strong>separatim</strong></span> <span class='ocrx_word' id='word_1_66' title='bbox 1282 1044 1283 1123; x_wconf 62' lang='lat' dir='ltr'>J</span> 
     </span>
     <span class='ocr_line' id='line_1_10' title="bbox 189 1147 1205 1232; baseline 0.002 -22"><span class='ocrx_word' id='word_1_67' title='bbox 189 1169 280 1210; x_wconf 87' lang='lat' dir='ltr'><strong>suam</strong></span> <span class='ocrx_word' id='word_1_68' title='bbox 294 1148 430 1232; x_wconf 88' lang='lat' dir='ltr'><strong>quisque</strong></span> <span class='ocrx_word' id='word_1_69' title='bbox 444 1149 579 1213; x_wconf 80' lang='lat' dir='ltr'><strong>classem</strong></span> <span class='ocrx_word' id='word_1_70' title='bbox 592 1149 632 1212; x_wconf 88' lang='lat' dir='ltr'><strong>ad</strong></span> <span class='ocrx_word' id='word_1_71' title='bbox 646 1148 817 1212; x_wconf 83' lang='lat' dir='ltr'><strong>arbitrium</strong></span> <span class='ocrx_word' id='word_1_72' title='bbox 837 1170 931 1212; x_wconf 91' lang='lat' dir='ltr'><strong>suum</strong></span> <span class='ocrx_word' id='word_1_73' title='bbox 951 1147 1205 1212; x_wconf 74' lang='lat' dir='ltr'><strong>administrabat.</strong></span> 
     </span>
    </p>

    <p class='ocr_par' dir='ltr' id='par_1_5' title="bbox 154 1241 1283 1619">
     <span class='ocr_line' id='line_1_11' title="bbox 154 1241 1283 1331; baseline 0 -23"><span class='ocrx_word' id='word_1_74' title='bbox 154 1241 352 1309; x_wconf 81' lang='lat' dir='ltr'><strong>aVibullius</strong></span> <span class='ocrx_word' id='word_1_75' title='bbox 385 1246 495 1309; x_wconf 85' lang='lat' dir='ltr'><strong>sedato</strong></span> <span class='ocrx_word' id='word_1_76' title='bbox 528 1245 685 1331; x_wconf 84' lang='lat' dir='ltr'><strong>tumultu,</strong></span> <span class='ocrx_word' id='word_1_77' title='bbox 718 1267 813 1329; x_wconf 90' lang='lat' dir='ltr'><strong>quem</strong></span> <span class='ocrx_word' id='word_1_78' title='bbox 840 1245 1025 1328; x_wconf 89' lang='lat' dir='ltr'><strong>repentinus</strong></span> <span class='ocrx_word' id='word_1_79' title='bbox 1057 1242 1206 1309; x_wconf 83' lang='lat' dir='ltr'><strong>Caesaris</strong></span> <span class='ocrx_word' id='word_1_80' title='bbox 1282 1264 1283 1289; x_wconf 62' lang='lat'>¹</span> 
     </span>
     <span class='ocr_line' id='line_1_12' title="bbox 190 1341 1206 1428; baseline 0.003 -25"><span class='ocrx_word' id='word_1_81' title='bbox 190 1341 344 1404; x_wconf 86' lang='lat' dir='ltr'><strong>adventus</strong></span> <span class='ocrx_word' id='word_1_82' title='bbox 377 1342 606 1428; x_wconf 85' lang='lat' dir='ltr'><strong>concitaverat,</strong></span> <span class='ocrx_word' id='word_1_83' title='bbox 638 1342 696 1406; x_wconf 87' lang='lat' dir='ltr'><strong>ubi</strong></span> <span class='ocrx_word' id='word_1_84' title='bbox 727 1342 868 1426; x_wconf 90' lang='lat' dir='ltr'><strong>primum</strong></span> <span class='ocrx_word' id='word_1_85' title='bbox 901 1363 918 1404; x_wconf 93' lang='lat' dir='ltr'><strong>e</strong></span> <span class='ocrx_word' id='word_1_86' title='bbox 949 1363 982 1404; x_wconf 87' lang='lat' dir='ltr'><strong>re</strong></span> <span class='ocrx_word' id='word_1_87' title='bbox 1008 1341 1118 1405; x_wconf 87' lang='lat' dir='ltr'><strong>visum</strong></span> <span class='ocrx_word' id='word_1_88' title='bbox 1149 1346 1206 1427; x_wconf 90' lang='lat' dir='ltr'><strong>est,</strong></span> 
     </span>
     <span class='ocr_line' id='line_1_13' title="bbox 189 1435 1204 1522; baseline 0.003 -22"><span class='ocrx_word' id='word_1_89' title='bbox 189 1437 334 1502; x_wconf 87' lang='lat' dir='ltr'><strong>adhibito</strong></span> <span class='ocrx_word' id='word_1_90' title='bbox 357 1436 481 1501; x_wconf 89' lang='lat' dir='ltr'><strong>Libone</strong></span> <span class='ocrx_word' id='word_1_91' title='bbox 509 1441 541 1501; x_wconf 85' lang='lat' dir='ltr'><strong>et</strong></span> <span class='ocrx_word' id='word_1_92' title='bbox 564 1435 598 1502; x_wconf 87' lang='lat' dir='ltr'><strong>L.</strong></span> <span class='ocrx_word' id='word_1_93' title='bbox 622 1437 757 1503; x_wconf 88' lang='lat' dir='ltr'><strong>Lucceio</strong></span> <span class='ocrx_word' id='word_1_94' title='bbox 787 1444 820 1503; x_wconf 90' lang='lat' dir='ltr'><strong>et</strong></span> <span class='ocrx_word' id='word_1_95' title='bbox 842 1437 1044 1522; x_wconf 80' lang='lat' dir='ltr'><strong>Theophane,</strong></span> <span class='ocrx_word' id='word_1_96' title='bbox 1075 1439 1204 1522; x_wconf 86' lang='lat' dir='ltr'><strong>quibus-</strong></span> 
     </span>
     <span class='ocr_line' id='line_1_14' title="bbox 189 1533 1204 1619; baseline 0.002 -21"><span class='ocrx_word' id='word_1_97' title='bbox 189 1555 258 1599; x_wconf 81' lang='lat' dir='ltr'><strong>cum</strong></span> <span class='ocrx_word' id='word_1_98' title='bbox 280 1535 512 1598; x_wconf 88' lang='lat' dir='ltr'><strong>communicare</strong></span> <span class='ocrx_word' id='word_1_99' title='bbox 535 1534 573 1598; x_wconf 92' lang='lat' dir='ltr'><strong>de</strong></span> <span class='ocrx_word' id='word_1_100' title='bbox 595 1536 744 1599; x_wconf 86' lang='lat' dir='ltr'><strong>maximis</strong></span> <span class='ocrx_word' id='word_1_101' title='bbox 767 1534 866 1599; x_wconf 91' lang='lat' dir='ltr'><strong>rebus</strong></span> <span class='ocrx_word' id='word_1_102' title='bbox 880 1533 1051 1619; x_wconf 90' lang='lat' dir='ltr'><strong>Pompeius</strong></span> <span class='ocrx_word' id='word_1_103' title='bbox 1076 1557 1204 1600; x_wconf 80' lang='lat' dir='ltr'><strong>consue</strong></span> 
     </span>
    </p>

    <p class='ocr_par' dir='ltr' id='par_1_6' title="bbox 152 1629 1204 2105">
     <span class='ocr_line' id='line_1_15' title="bbox 152 1629 1204 1717; baseline -0.001 -19"><span class='ocrx_word' id='word_1_104' title='bbox 152 1636 293 1717; x_wconf 82' lang='lat' dir='ltr'><strong>4verat,</strong></span> <span class='ocrx_word' id='word_1_105' title='bbox 324 1632 362 1696; x_wconf 84' lang='lat' dir='ltr'><strong>de</strong></span> <span class='ocrx_word' id='word_1_106' title='bbox 393 1631 552 1696; x_wconf 86' lang='lat' dir='ltr'><strong>mandatis</strong></span> <span class='ocrx_word' id='word_1_107' title='bbox 586 1629 734 1696; x_wconf 77' lang='lat' dir='ltr'><strong>Caesaris</strong></span> <span class='ocrx_word' id='word_1_108' title='bbox 771 1652 866 1716; x_wconf 87' lang='lat' dir='ltr'><strong>agere</strong></span> <span class='ocrx_word' id='word_1_109' title='bbox 902 1632 1053 1696; x_wconf 86' lang='lat' dir='ltr'><strong>instituit.</strong></span> <span class='ocrx_word' id='word_1_110' title='bbox 1105 1632 1204 1708; x_wconf 82' lang='lat' dir='ltr'><strong>Quem</strong></span> 
     </span>
     <span class='ocr_line' id='line_1_16' title="bbox 188 1724 1203 1815; baseline -0.002 -21"><span class='ocrx_word' id='word_1_111' title='bbox 188 1730 370 1815; x_wconf 85' lang='lat' dir='ltr'><strong>ingressum</strong></span> <span class='ocrx_word' id='word_1_112' title='bbox 387 1730 423 1793; x_wconf 92' lang='lat' dir='ltr'><strong>in</strong></span> <span class='ocrx_word' id='word_1_113' title='bbox 441 1750 618 1792; x_wconf 90' lang='lat' dir='ltr'><strong>sermonem</strong></span> <span class='ocrx_word' id='word_1_114' title='bbox 631 1727 803 1812; x_wconf 90' lang='lat' dir='ltr'><strong>Pompeius</strong></span> <span class='ocrx_word' id='word_1_115' title='bbox 822 1724 1038 1811; x_wconf 85' lang='lat' dir='ltr'><strong>interpellavit</strong></span> <span class='ocrx_word' id='word_1_116' title='bbox 1063 1733 1096 1793; x_wconf 91' lang='lat' dir='ltr'><strong>et</strong></span> <span class='ocrx_word' id='word_1_117' title='bbox 1115 1729 1203 1812; x_wconf 91' lang='lat' dir='ltr'><strong>loqui</strong></span> 
     </span>
     <span class='ocr_line' id='line_1_17' title="bbox 188 1823 1203 1911; baseline -0.001 -22"><span class='ocrx_word' id='word_1_118' title='bbox 188 1828 281 1910; x_wconf 89' lang='lat' dir='ltr'><strong>plura</strong></span> <span class='ocrx_word' id='word_1_119' title='bbox 313 1826 488 1911; x_wconf 88' lang='lat' dir='ltr'><strong>prohibuit.</strong></span> <span class='ocrx_word' id='word_1_120' title='bbox 540 1823 635 1900; x_wconf 73' lang='lat' dir='ltr'><strong>‘Quid</strong></span> <span class='ocrx_word' id='word_1_121' title='bbox 666 1825 771 1909; x_wconf 86' lang='lat' dir='ltr'><strong>mihi,&#39;</strong></span> <span class='ocrx_word' id='word_1_122' title='bbox 799 1825 923 1910; x_wconf 90' lang='lat' dir='ltr'><strong>inquit,</strong></span> <span class='ocrx_word' id='word_1_123' title='bbox 953 1827 1020 1888; x_wconf 84' lang='lat' dir='ltr'><strong>‘aut</strong></span> <span class='ocrx_word' id='word_1_124' title='bbox 1047 1825 1118 1889; x_wconf 83' lang='lat' dir='ltr'><strong>vita</strong></span> <span class='ocrx_word' id='word_1_125' title='bbox 1150 1829 1203 1889; x_wconf 89' lang='lat' dir='ltr'><strong>aut</strong></span> 
     </span>
     <span class='ocr_line' id='line_1_18' title="bbox 188 1919 1202 2007; baseline -0.001 -20"><span class='ocrx_word' id='word_1_126' title='bbox 188 1923 319 1987; x_wconf 80' lang='lat' dir='ltr'><strong>civitate</strong></span> <span class='ocrx_word' id='word_1_127' title='bbox 343 1945 423 2007; x_wconf 88' lang='lat' dir='ltr'><strong>opus</strong></span> <span class='ocrx_word' id='word_1_128' title='bbox 448 1925 506 2006; x_wconf 89' lang='lat' dir='ltr'><strong>est,</strong></span> <span class='ocrx_word' id='word_1_129' title='bbox 529 1944 625 2006; x_wconf 89' lang='lat' dir='ltr'><strong>quam</strong></span> <span class='ocrx_word' id='word_1_130' title='bbox 643 1921 797 1985; x_wconf 86' lang='lat' dir='ltr'><strong>beneficio</strong></span> <span class='ocrx_word' id='word_1_131' title='bbox 812 1919 956 1986; x_wconf 76' lang='lat' dir='ltr'><strong>Caesaris</strong></span> <span class='ocrx_word' id='word_1_132' title='bbox 978 1921 1100 1986; x_wconf 88' lang='lat' dir='ltr'><strong>habere</strong></span> <span class='ocrx_word' id='word_1_133' title='bbox 1122 1923 1202 1987; x_wconf 79' lang='lat' dir='ltr'><strong>vide</strong></span> 
     </span>
     <span class='ocr_line' id='line_1_19' title="bbox 188 2018 1203 2105; baseline 0 -21"><span class='ocrx_word' id='word_1_134' title='bbox 188 2019 271 2084; x_wconf 80' lang='lat' dir='ltr'><strong>bor‘l</strong></span> <span class='ocrx_word' id='word_1_135' title='bbox 295 2021 385 2085; x_wconf 90' lang='lat' dir='ltr'><strong>cuius</strong></span> <span class='ocrx_word' id='word_1_136' title='bbox 404 2020 451 2084; x_wconf 88' lang='lat' dir='ltr'><strong>rei</strong></span> <span class='ocrx_word' id='word_1_137' title='bbox 470 2019 579 2104; x_wconf 90' lang='lat' dir='ltr'><strong>opinio</strong></span> <span class='ocrx_word' id='word_1_138' title='bbox 598 2019 672 2082; x_wconf 91' lang='lat' dir='ltr'><strong>tolli</strong></span> <span class='ocrx_word' id='word_1_139' title='bbox 689 2040 757 2083; x_wconf 89' lang='lat' dir='ltr'><strong>non</strong></span> <span class='ocrx_word' id='word_1_140' title='bbox 774 2020 905 2105; x_wconf 88' lang='lat' dir='ltr'><strong>poterit,</strong></span> <span class='ocrx_word' id='word_1_141' title='bbox 923 2041 994 2084; x_wconf 88' lang='lat' dir='ltr'><strong>cum</strong></span> <span class='ocrx_word' id='word_1_142' title='bbox 1011 2018 1047 2083; x_wconf 91' lang='lat' dir='ltr'><strong>in</strong></span> <span class='ocrx_word' id='word_1_143' title='bbox 1065 2018 1203 2104; x_wconf 87' lang='lat' dir='ltr'><strong>Italiam,</strong></span> 
     </span>
    </p>

    <p class='ocr_par' dir='ltr' id='par_1_7' title="bbox 153 2116 1203 2490">
     <span class='ocr_line' id='line_1_20' title="bbox 153 2116 1202 2202; baseline 0 -21"><span class='ocrx_word' id='word_1_144' title='bbox 153 2136 226 2181; x_wconf 80' lang='lat' dir='ltr'><strong>aex</strong></span> <span class='ocrx_word' id='word_1_145' title='bbox 250 2138 313 2200; x_wconf 89' lang='lat' dir='ltr'><strong>qua</strong></span> <span class='ocrx_word' id='word_1_146' title='bbox 334 2118 497 2202; x_wconf 87' lang='lat' dir='ltr'><strong>profectus</strong></span> <span class='ocrx_word' id='word_1_147' title='bbox 521 2139 593 2181; x_wconf 89' lang='lat' dir='ltr'><strong>sum</strong></span> <span class='ocrx_word' id='word_1_148' title='bbox 676 2116 826 2181; x_wconf 88' lang='lat' dir='ltr'><strong>reductus</strong></span> <span class='ocrx_word' id='word_1_149' title='bbox 846 2117 1075 2181; x_wconf 64' lang='lat' dir='ltr'><strong>existimabor?</strong></span> <span class='ocrx_word' id='word_1_150' title='bbox 1113 2116 1202 2183; x_wconf 90' lang='lat' dir='ltr'><strong>Bello</strong></span> 
     </span>
     <span class='ocr_line' id='line_1_21' title="bbox 187 2211 1203 2295; baseline -0.001 -19"><span class='ocrx_word' id='word_1_151' title='bbox 187 2214 328 2295; x_wconf 83' lang='lat' dir='ltr'><strong>perfecto</strong></span> <span class='ocrx_word' id='word_1_152' title='bbox 352 2214 392 2278; x_wconf 85' lang='lat' dir='ltr'><strong>ab</strong></span> <span class='ocrx_word' id='word_1_153' title='bbox 415 2214 456 2277; x_wconf 90' lang='lat' dir='ltr'><strong>iis</strong></span> <span class='ocrx_word' id='word_1_154' title='bbox 471 2211 588 2278; x_wconf 86' lang='lat' dir='ltr'><strong>Caesar</strong></span> <span class='ocrx_word' id='word_1_155' title='bbox 605 2213 685 2277; x_wconf 90' lang='lat' dir='ltr'><strong>baec</strong></span> <span class='ocrx_word' id='word_1_156' title='bbox 702 2212 786 2277; x_wconf 82' lang='lat' dir='ltr'><strong>facta</strong></span> <span class='ocrx_word' id='word_1_157' title='bbox 805 2211 965 2295; x_wconf 82' lang='lat' dir='ltr'><strong>cognovit,</strong></span> <span class='ocrx_word' id='word_1_158' title='bbox 983 2211 1039 2295; x_wconf 89' lang='lat' dir='ltr'><strong>qui</strong></span> <span class='ocrx_word' id='word_1_159' title='bbox 1064 2212 1203 2276; x_wconf 88' lang='lat' dir='ltr'><strong>sermoni</strong></span> 
     </span>
     <span class='ocr_line' id='line_1_22' title="bbox 187 2308 1202 2395; baseline 0.002 -24"><span class='ocrx_word' id='word_1_160' title='bbox 187 2310 414 2395; x_wconf 71' lang='lat' dir='ltr'><strong>interfuerunt,</strong></span> <span class='ocrx_word' id='word_1_161' title='bbox 437 2314 571 2373; x_wconf 86' lang='lat' dir='ltr'><strong>conatus</strong></span> <span class='ocrx_word' id='word_1_162' title='bbox 594 2313 703 2373; x_wconf 89' lang='lat' dir='ltr'><strong>tamen</strong></span> <span class='ocrx_word' id='word_1_163' title='bbox 724 2308 828 2372; x_wconf 87' lang='lat' dir='ltr'><strong>nihilo</strong></span> <span class='ocrx_word' id='word_1_164' title='bbox 851 2308 956 2372; x_wconf 91' lang='lat' dir='ltr'><strong>minus</strong></span> <span class='ocrx_word' id='word_1_165' title='bbox 980 2312 1029 2371; x_wconf 90' lang='lat' dir='ltr'><strong>est</strong></span> <span class='ocrx_word' id='word_1_166' title='bbox 1059 2308 1133 2373; x_wconf 86' lang='lat' dir='ltr'><strong>aliis</strong></span> <span class='ocrx_word' id='word_1_167' title='bbox 1157 2332 1202 2373; x_wconf 91' lang='lat' dir='ltr'><strong>ra-</strong></span> 
     </span>
     <span class='ocr_line' id='line_1_23' title="bbox 186 2406 892 2490; baseline -0.001 -19"><span class='ocrx_word' id='word_1_168' title='bbox 186 2406 330 2471; x_wconf 88' lang='lat' dir='ltr'><strong>tionibus</strong></span> <span class='ocrx_word' id='word_1_169' title='bbox 353 2428 410 2490; x_wconf 89' lang='lat' dir='ltr'><strong>per</strong></span> <span class='ocrx_word' id='word_1_170' title='bbox 433 2406 604 2489; x_wconf 88' lang='lat' dir='ltr'><strong>conloquia</strong></span> <span class='ocrx_word' id='word_1_171' title='bbox 627 2406 666 2470; x_wconf 87' lang='lat' dir='ltr'><strong>de</strong></span> <span class='ocrx_word' id='word_1_172' title='bbox 688 2428 765 2489; x_wconf 85' lang='lat' dir='ltr'><strong>pace</strong></span> <span class='ocrx_word' id='word_1_173' title='bbox 790 2426 892 2489; x_wconf 87' lang='lat' dir='ltr'><strong>agere.</strong></span> 
     </span>
    </p>

    <p class='ocr_par' dir='ltr' id='par_1_8' title="bbox 152 2499 1283 2781">
     <span class='ocr_line' id='line_1_24' title="bbox 152 2499 1203 2586; baseline -0.002 -17"><span class='ocrx_word' id='word_1_174' title='bbox 152 2524 165 2569; x_wconf 91' lang='lat'>1</span> <span class='ocrx_word' id='word_1_175' title='bbox 252 2500 389 2567; x_wconf 80' lang='lat' dir='ltr'>XVIIII.</span> <span class='ocrx_word' id='word_1_176' title='bbox 426 2500 515 2565; x_wconf 88' lang='lat' dir='ltr'><strong>Inter</strong></span> <span class='ocrx_word' id='word_1_177' title='bbox 543 2501 619 2565; x_wconf 89' lang='lat' dir='ltr'><strong>bina</strong></span> <span class='ocrx_word' id='word_1_178' title='bbox 647 2506 752 2567; x_wconf 88' lang='lat' dir='ltr'><strong>castra</strong></span> <span class='ocrx_word' id='word_1_179' title='bbox 774 2500 907 2584; x_wconf 88' lang='lat' dir='ltr'><strong>Pompei</strong></span> <span class='ocrx_word' id='word_1_180' title='bbox 936 2506 1032 2586; x_wconf 88' lang='lat' dir='ltr'><strong>atque</strong></span> <span class='ocrx_word' id='word_1_181' title='bbox 1054 2499 1203 2567; x_wconf 88' lang='lat' dir='ltr'><strong>Caesaris</strong></span> 
     </span>
     <span class='ocr_line' id='line_1_25' title="bbox 186 2597 1283 2683; baseline -0.001 -19"><span class='ocrx_word' id='word_1_182' title='bbox 186 2621 285 2664; x_wconf 90' lang='lat' dir='ltr'><strong>unum</strong></span> <span class='ocrx_word' id='word_1_183' title='bbox 308 2599 427 2664; x_wconf 89' lang='lat' dir='ltr'><strong>flumen</strong></span> <span class='ocrx_word' id='word_1_184' title='bbox 449 2603 577 2663; x_wconf 90' lang='lat' dir='ltr'><strong>tantum</strong></span> <span class='ocrx_word' id='word_1_185' title='bbox 597 2599 752 2663; x_wconf 85' lang='lat' dir='ltr'><strong>intererat</strong></span> <span class='ocrx_word' id='word_1_186' title='bbox 773 2597 892 2683; x_wconf 85' lang='lat' dir='ltr'><strong>Apsus,</strong></span> <span class='ocrx_word' id='word_1_187' title='bbox 914 2599 1088 2682; x_wconf 89' lang='lat' dir='ltr'><strong>crebraque</strong></span> <span class='ocrx_word' id='word_1_188' title='bbox 1117 2600 1201 2664; x_wconf 90' lang='lat' dir='ltr'><strong>inter</strong></span> <span class='ocrx_word' id='word_1_189' title='bbox 1282 2643 1283 2648; x_wconf 22' lang='grc' dir='ltr'><strong>κ</strong></span> 
     </span>
     <span class='ocr_line' id='line_1_26' title="bbox 186 2695 1204 2781; baseline 0 -20"><span class='ocrx_word' id='word_1_190' title='bbox 186 2719 220 2761; x_wconf 89' lang='lat' dir='ltr'><strong>se</strong></span> <span class='ocrx_word' id='word_1_191' title='bbox 251 2697 422 2781; x_wconf 88' lang='lat' dir='ltr'><strong>conloquia</strong></span> <span class='ocrx_word' id='word_1_192' title='bbox 454 2696 574 2760; x_wconf 89' lang='lat' dir='ltr'><strong>milites</strong></span> <span class='ocrx_word' id='word_1_193' title='bbox 602 2695 781 2780; x_wconf 88' lang='lat' dir='ltr'><strong>habebant,</strong></span> <span class='ocrx_word' id='word_1_194' title='bbox 807 2717 911 2779; x_wconf 90' lang='lat' dir='ltr'><strong>neque</strong></span> <span class='ocrx_word' id='word_1_195' title='bbox 938 2696 1041 2760; x_wconf 90' lang='lat' dir='ltr'><strong>ullum</strong></span> <span class='ocrx_word' id='word_1_196' title='bbox 1072 2696 1204 2761; x_wconf 90' lang='lat' dir='ltr'><strong>interim</strong></span> 
     </span>
    </p>

    <p class='ocr_par' dir='ltr' id='par_1_9' title="bbox 151 2792 1283 3460">
     <span class='ocr_line' id='line_1_27' title="bbox 151 2792 1204 2878; baseline -0.002 -19"><span class='ocrx_word' id='word_1_197' title='bbox 151 2795 287 2860; x_wconf 80' lang='lat' dir='ltr'><strong>atelum</strong></span> <span class='ocrx_word' id='word_1_198' title='bbox 317 2816 374 2878; x_wconf 90' lang='lat' dir='ltr'><strong>per</strong></span> <span class='ocrx_word' id='word_1_199' title='bbox 404 2794 567 2878; x_wconf 89' lang='lat' dir='ltr'><strong>pactiones</strong></span> <span class='ocrx_word' id='word_1_200' title='bbox 599 2793 803 2876; x_wconf 88' lang='lat' dir='ltr'><strong>loquentium</strong></span> <span class='ocrx_word' id='word_1_201' title='bbox 834 2793 1050 2857; x_wconf 88' lang='lat' dir='ltr'><strong>traiciebatur.</strong></span> <span class='ocrx_word' id='word_1_202' title='bbox 1097 2792 1204 2858; x_wconf 90' lang='lat' dir='ltr'><strong>Mittit</strong></span> 
     </span>
     <span class='ocr_line' id='line_1_28' title="bbox 185 2888 1204 2978; baseline -0.001 -23"><span class='ocrx_word' id='word_1_203' title='bbox 185 2890 218 2955; x_wconf 93' lang='lat' dir='ltr'><strong>P.</strong></span> <span class='ocrx_word' id='word_1_204' title='bbox 242 2890 411 2955; x_wconf 89' lang='lat' dir='ltr'><strong>Vatinium</strong></span> <span class='ocrx_word' id='word_1_205' title='bbox 432 2891 577 2976; x_wconf 81' lang='lat' dir='ltr'><strong>legatum</strong></span> <span class='ocrx_word' id='word_1_206' title='bbox 600 2890 640 2953; x_wconf 91' lang='lat' dir='ltr'><strong>ad</strong></span> <span class='ocrx_word' id='word_1_207' title='bbox 662 2889 766 2973; x_wconf 90' lang='lat' dir='ltr'><strong>ripam</strong></span> <span class='ocrx_word' id='word_1_208' title='bbox 787 2889 894 2973; x_wconf 88' lang='lat' dir='ltr'><strong>ipsam</strong></span> <span class='ocrx_word' id='word_1_209' title='bbox 911 2888 1063 2975; x_wconf 90' lang='lat' dir='ltr'><strong>fluminis,</strong></span> <span class='ocrx_word' id='word_1_210' title='bbox 1082 2891 1140 2974; x_wconf 91' lang='lat' dir='ltr'><strong>qui</strong></span> <span class='ocrx_word' id='word_1_211' title='bbox 1158 2913 1204 2978; x_wconf 90' lang='lat' dir='ltr'><strong>ea,</strong></span> 
     </span>
     <span class='ocr_line' id='line_1_29' title="bbox 186 2985 1204 3072; baseline -0.001 -20"><span class='ocrx_word' id='word_1_212' title='bbox 186 3010 267 3071; x_wconf 92' lang='lat' dir='ltr'><strong>quae</strong></span> <span class='ocrx_word' id='word_1_213' title='bbox 297 2987 435 3051; x_wconf 83' lang='lat' dir='ltr'><strong>maxime</strong></span> <span class='ocrx_word' id='word_1_214' title='bbox 464 2985 503 3050; x_wconf 84' lang='lat' dir='ltr'><strong>ad</strong></span> <span class='ocrx_word' id='word_1_215' title='bbox 530 3007 640 3070; x_wconf 87' lang='lat' dir='ltr'><strong>pacem</strong></span> <span class='ocrx_word' id='word_1_216' title='bbox 673 2987 832 3070; x_wconf 90' lang='lat' dir='ltr'><strong>pertinere</strong></span> <span class='ocrx_word' id='word_1_217' title='bbox 864 2987 1061 3071; x_wconf 82' lang='lat' dir='ltr'><strong>viderentur,</strong></span> <span class='ocrx_word' id='word_1_218' title='bbox 1094 2992 1204 3072; x_wconf 87' lang='lat' dir='ltr'><strong>ageret</strong></span> 
     </span>
     <span class='ocr_line' id='line_1_30' title="bbox 186 3082 1203 3168; baseline 0 -20"><span class='ocrx_word' id='word_1_219' title='bbox 186 3088 218 3148; x_wconf 93' lang='lat' dir='ltr'><strong>et</strong></span> <span class='ocrx_word' id='word_1_220' title='bbox 245 3084 356 3149; x_wconf 88' lang='lat' dir='ltr'><strong>crebro</strong></span> <span class='ocrx_word' id='word_1_221' title='bbox 384 3104 501 3168; x_wconf 81' lang='lat' dir='ltr'><strong>magna</strong></span> <span class='ocrx_word' id='word_1_222' title='bbox 528 3105 606 3148; x_wconf 84' lang='lat' dir='ltr'><strong>voce</strong></span> <span class='ocrx_word' id='word_1_223' title='bbox 633 3082 872 3168; x_wconf 83' lang='lat' dir='ltr'><strong>pronuntiaret,</strong></span> <span class='ocrx_word' id='word_1_224' title='bbox 898 3084 1050 3148; x_wconf 77' lang='lat' dir='ltr'><strong>liceretne</strong></span> <span class='ocrx_word' id='word_1_225' title='bbox 1077 3085 1203 3148; x_wconf 84' lang='lat' dir='ltr'><strong>civibus</strong></span> 
     </span>
     <span class='ocr_line' id='line_1_31' title="bbox 186 3181 1283 3267; baseline 0 -22"><span class='ocrx_word' id='word_1_226' title='bbox 186 3181 226 3244; x_wconf 92' lang='lat' dir='ltr'><strong>ad</strong></span> <span class='ocrx_word' id='word_1_227' title='bbox 248 3182 332 3265; x_wconf 80' lang='lat' dir='ltr'><strong>cives</strong></span> <span class='ocrx_word' id='word_1_228' title='bbox 356 3182 394 3245; x_wconf 88' lang='lat' dir='ltr'><strong>de</strong></span> <span class='ocrx_word' id='word_1_229' title='bbox 417 3203 494 3265; x_wconf 85' lang='lat' dir='ltr'><strong>pace</strong></span> <span class='ocrx_word' id='word_1_230' title='bbox 517 3184 589 3245; x_wconf 87' lang='lat' dir='ltr'><strong>tuto</strong></span> <span class='ocrx_word' id='word_1_231' title='bbox 612 3181 739 3266; x_wconf 83' lang='lat' dir='ltr'><strong>legatos</strong></span> <span class='ocrx_word' id='word_1_232' title='bbox 761 3181 900 3267; x_wconf 87' lang='lat' dir='ltr'><strong>mittere,</strong></span> <span class='ocrx_word' id='word_1_233' title='bbox 927 3182 1134 3266; x_wconf 88' lang='lat' dir='ltr'><strong>quodetiam</strong></span> <span class='ocrx_word' id='word_1_234' title='bbox 1155 3182 1202 3245; x_wconf 81' lang='lat' dir='ltr'><strong>su-</strong></span> <span class='ocrx_word' id='word_1_235' title='bbox 1282 3207 1283 3210; x_wconf 43' lang='lat'>¹</span> 
     </span>
     <span class='ocr_line' id='line_1_32' title="bbox 186 3277 1203 3365; baseline 0.002 -25"><span class='ocrx_word' id='word_1_236' title='bbox 186 3278 297 3362; x_wconf 75' lang='lat' dir='ltr'><strong>gitivis</strong></span> <span class='ocrx_word' id='word_1_237' title='bbox 316 3278 356 3343; x_wconf 87' lang='lat' dir='ltr'><strong>ab</strong></span> <span class='ocrx_word' id='word_1_238' title='bbox 376 3279 462 3342; x_wconf 90' lang='lat' dir='ltr'><strong>saltu</strong></span> <span class='ocrx_word' id='word_1_239' title='bbox 475 3277 639 3361; x_wconf 86' lang='lat' dir='ltr'><strong>Pyrenaeo</strong></span> <span class='ocrx_word' id='word_1_240' title='bbox 654 3279 931 3363; x_wconf 86' lang='lat' dir='ltr'><strong>praedonibusque</strong></span> <span class='ocrx_word' id='word_1_241' title='bbox 943 3278 1098 3365; x_wconf 89' lang='lat' dir='ltr'><strong>licuisset,</strong></span> <span class='ocrx_word' id='word_1_242' title='bbox 1114 3299 1203 3362; x_wconf 87' lang='lat' dir='ltr'><strong>prae·</strong></span> 
     </span>
     <span class='ocr_line' id='line_1_33' title="bbox 187 3374 1248 3460; baseline 0.008 -24"><span class='ocrx_word' id='word_1_243' title='bbox 187 3374 299 3436; x_wconf 88' lang='lat' dir='ltr'><strong>sertim</strong></span> <span class='ocrx_word' id='word_1_244' title='bbox 331 3395 404 3438; x_wconf 88' lang='lat' dir='ltr'><strong>cum</strong></span> <span class='ocrx_word' id='word_1_245' title='bbox 434 3375 468 3438; x_wconf 87' lang='lat' dir='ltr'><strong>id</strong></span> <span class='ocrx_word' id='word_1_246' title='bbox 501 3378 641 3460; x_wconf 85' lang='lat' dir='ltr'><strong>agerent,</strong></span> <span class='ocrx_word' id='word_1_247' title='bbox 668 3396 709 3440; x_wconf 91' lang='lat' dir='ltr'><strong>ne</strong></span> <span class='ocrx_word' id='word_1_248' title='bbox 737 3376 820 3439; x_wconf 89' lang='lat' dir='ltr'><strong>cives</strong></span> <span class='ocrx_word' id='word_1_249' title='bbox 850 3397 922 3440; x_wconf 91' lang='lat' dir='ltr'><strong>cum</strong></span> <span class='ocrx_word' id='word_1_250' title='bbox 949 3376 1073 3440; x_wconf 82' lang='lat' dir='ltr'><strong>civibus</strong></span> <span class='ocrx_word' id='word_1_251' title='bbox 1104 3376 1202 3440; x_wconf 88' lang='lat' dir='ltr'><strong>armis</strong></span> <span class='ocrx_word' id='word_1_252' title='bbox 1240 3416 1248 3444; x_wconf 67' lang='grc' dir='ltr'>ι</span> 
     </span>
    </p>

    <p class='ocr_par' dir='ltr' id='par_1_10' title="bbox 152 3463 1204 3657">
     <span class='ocr_line' id='line_1_34' title="bbox 152 3463 1204 3557; baseline 0.005 -29"><span class='ocrx_word' id='word_1_253' title='bbox 152 3468 392 3552; x_wconf 75' lang='lat' dir='ltr'><strong>a&#39;decertarent.</strong></span> <span class='ocrx_word' id='word_1_254' title='bbox 442 3470 548 3534; x_wconf 84' lang='lat' dir='ltr'><strong>Multa</strong></span> <span class='ocrx_word' id='word_1_255' title='bbox 575 3471 763 3554; x_wconf 69' lang='lat' dir='ltr'><strong>suppliciter</strong></span> <span class='ocrx_word' id='word_1_256' title='bbox 785 3463 912 3536; x_wconf 83' lang='lat' dir='ltr'><strong>locutus</strong></span> <span class='ocrx_word' id='word_1_257' title='bbox 936 3475 995 3557; x_wconf 86' lang='lat' dir='ltr'><strong>est,</strong></span> <span class='ocrx_word' id='word_1_258' title='bbox 1021 3474 1058 3535; x_wconf 90' lang='lat' dir='ltr'><strong>ut</strong></span> <span class='ocrx_word' id='word_1_259' title='bbox 1081 3471 1120 3535; x_wconf 87' lang='lat' dir='ltr'><strong>de</strong></span> <span class='ocrx_word' id='word_1_260' title='bbox 1144 3491 1204 3533; x_wconf 86' lang='lat' dir='ltr'><strong>sua</strong></span> 
     </span>
     <span class='ocr_line' id='line_1_35' title="bbox 188 3565 1204 3657; baseline 0.009 -37"><span class='ocrx_word' id='word_1_261' title='bbox 188 3565 284 3640; x_wconf 87' lang='lat' dir='ltr'><strong>atque</strong></span> <span class='ocrx_word' id='word_1_262' title='bbox 308 3566 450 3628; x_wconf 87' lang='lat' dir='ltr'><strong>omnium</strong></span> <span class='ocrx_word' id='word_1_263' title='bbox 474 3567 577 3629; x_wconf 86' lang='lat' dir='ltr'><strong>salute</strong></span> <span class='ocrx_word' id='word_1_264' title='bbox 600 3566 746 3657; x_wconf 82' lang='lat' dir='ltr'><strong>debebat,</strong></span> <span class='ocrx_word' id='word_1_265' title='bbox 769 3568 962 3651; x_wconf 89' lang='lat' dir='ltr'><strong>silentioque</strong></span> <span class='ocrx_word' id='word_1_266' title='bbox 991 3566 1031 3629; x_wconf 91' lang='lat' dir='ltr'><strong>ab</strong></span> <span class='ocrx_word' id='word_1_267' title='bbox 1048 3566 1204 3649; x_wconf 87' lang='lat' dir='ltr'><strong>&#39;utrisque</strong></span> 
     </span>
    </p>
   </div>
   <div class='ocr_carea' id='block_1_3' title="bbox 0 0 1296 4075">
    <p class='ocr_par' dir='ltr' id='par_1_11' title="bbox 0 0 1296 4075">
     <span class='ocr_line' id='line_1_36' title="bbox 0 0 1296 4075; baseline 0 0"><span class='ocrx_word' id='word_1_268' title='bbox 0 0 1296 4075; x_wconf 95' lang='lat' dir='ltr'><strong> </strong></span> 
     </span>
    </p>
   </div>
  </div>
 </body>
</html>
