2584 4075
163 237 183 300 6
516 234 565 287 DE
583 233 700 287 BELLO
723 233 829 287 CIVILI

161 384 215 445 tus
239 380 357 466 potuit,
376 401 439 463 quo
459 401 497 443 ex
516 378 566 442 die
584 378 787 442 consulatum
805 377 878 441 iniit
892 375 1060 461 Lentulus,
1078 375 1181 438 biduo

163 482 295 561 excepto
319 477 474 541 comitiali
497 480 530 540 et
553 476 591 539 de
613 475 748 559 imperio
764 473 909 539 Caesaris
933 477 965 537 et
988 474 1026 537 de
1050 472 1182 556 amplis-

164 575 254 639 simis
277 575 366 661 viris,
389 574 530 638 tribunis
553 573 668 658 plebis,
695 572 883 657 gravissime
911 570 1182 653 acerbissimeque

130 672 353 737 odecernitur.
397 670 593 756 Profug'iunt
617 670 729 733 statim
756 691 795 733 ex
821 668 901 731 urbe
927 667 1052 731 tribuni
1074 665 1182 750 plebis

165 791 296 854 seseque
324 769 363 832 ad
391 766 559 832 Caesarem
585 767 763 831 conferunt.
807 764 841 829 Is
869 787 906 830 eo
933 768 1079 847 tempore
1112 768 1184 827 erat

164 866 334 931 Ravennae
357 864 626 948 exspectabatque
650 864 716 927 suis
739 862 911 927 lenissimis
934 861 1112 945 postulatis
1136 884 1184 925 re·

166 984 293 1047 sponsa,
317 962 345 1025 si
368 983 431 1045 qua
448 960 616 1024 hominum
634 961 796 1044 aequitate
815 982 865 1023 res
884 960 924 1024 ad
943 959 1047 1024 otium
1070 959 1184 1023 deduci

168 1062 286 1142 posset.

133 1175 147 1221 1
233 1153 290 1219 Vl.
325 1154 485 1220 Proximis
504 1154 615 1218 diebus
633 1154 772 1218 habetur
795 1159 886 1219 extra
907 1155 1022 1218 urbem
1041 1159 1185 1218 senatus

167 1251 337 1336 Pompeius
362 1253 471 1316 eadem
493 1252 559 1335 illa,
587 1272 669 1334 quae
695 1274 753 1335 per
777 1250 959 1335 Scipionem
988 1251 1187 1337 ostenderat,

170 1350 252 1435 agit,
267 1353 396 1413 senatus
415 1348 570 1412 virtutem
584 1350 861 1433 constantiamque
875 1347 1058 1433 conlaudat,
1075 1348 1186 1432 copias

134 1464 150 1511 2
170 1468 244 1510 suas
263 1446 408 1529 exponit:
431 1444 574 1530 legiones
592 1444 710 1510 habere
730 1469 798 1511 sese
816 1451 945 1531 paratas
963 1464 1000 1531 x3
1018 1450 1188 1529 praeterea

170 1542 336 1626 cognitum
354 1548 617 1627 compertumque
636 1543 700 1607 sihi
718 1544 822 1608 alieno
846 1565 915 1607 esse
933 1542 1040 1606 animo
1059 1542 1097 1606 in
1110 1540 1188 1606 Cae·

171 1662 274 1703 sarem
291 1641 411 1705 milites
429 1662 533 1725 neque
551 1639 592 1703 iis
610 1661 706 1723 posse
724 1635 916 1724 persuaderi,
929 1638 979 1701 uti
993 1660 1068 1702 eum
1081 1639 1188 1703 defen-

136 1754 152 1801 3
172 1738 249 1802 dant
273 1742 328 1802 aut
353 1743 529 1823 sequantur
552 1737 674 1801 saltem.
720 1735 770 1800 De
797 1735 928 1818 reliquis
955 1734 1052 1797 rebus
1077 1734 1119 1798 ad
1142 1757 1187 1798 se·

170 1839 286 1900 natum
303 1837 453 1901 refertur:
477 1839 548 1899 tota
564 1834 661 1898 Italia
679 1834 813 1897 dilectus
831 1831 1024 1915 habeantur-3
1044 1829 1187 1896 Faustus

173 1931 262 1996 Sulla
284 1956 419 2017 propere
438 1934 473 1997 in
485 1931 721 1997 Mauretaniam
738 1931 901 2013 mittatur,
924 1928 1059 2010 pecunia
1079 1930 1131 1993 uti
1150 1953 1189 1994 cx

174 2030 295 2095 aerario
323 2029 477 2115 Pompeio
507 2031 612 2114 detur3
639 2029 776 2093 refertur
803 2026 900 2091 etiam
931 2026 969 2090 de
994 2029 1069 2112 rege
1097 2026 1190 2115 Iuba,

138 2142 154 2188 4
174 2130 210 2190 ut
234 2127 339 2191 socius
364 2129 407 2191 sit
425 2133 521 2212 atque
540 2129 669 2191 amicus.
697 2125 866 2190 Marcellus
885 2125 998 2189 consul
1016 2148 1189 2209 passurum

173 2224 208 2287 in
230 2225 411 2306 praesentia
433 2227 545 2308 negat,
568 2224 606 2288 de
629 2223 750 2287 Fausto
773 2222 906 2307 impedit
928 2221 1110 2309 Philippus,
1134 2224 1189 2288 tri·

140 2321 281 2384 sbunus
304 2320 416 2404 plebis.
462 2319 512 2386 Dc
534 2321 667 2404 reliquis
695 2321 791 2384 rebus
819 2320 1099 2384 senatusconsulta
1120 2343 1189 2404 per·

175 2417 367 2483 scribuntur.
404 2416 591 2482 Provinciae
613 2416 749 2501 privatis
773 2419 994 2502 decernuntur,
1017 2417 1099 2481 duae
1117 2439 1189 2482 con-

175 2516 312 2600 sulares,
343 2515 484 2598 reliquae
513 2515 701 2598 praetoriae.
748 2513 890 2597 Scipioni
922 2515 1053 2579 obvenit
1086 2513 1190 2600 Syria,

174 2612 209 2678 L.
233 2611 378 2676 Domitio
403 2610 516 2676 Gallia.
539 2610 708 2695 Philippus
731 2616 764 2675 et
787 2609 884 2675 Cotta
902 2611 1029 2694 privato
1054 2612 1189 2675 consilio

175 2713 430 2796 praetereuntur,
451 2731 554 2794 neque
582 2731 693 2773 eorum
716 2710 819 2772 sortes
847 2707 1035 2771 deiciuntur.
1081 2707 1123 2772 In
1143 2731 1190 2773 re·

141 2828 157 2875 o
176 2808 280 2892 liquas
290 2806 471 2890 provincias
486 2812 649 2891 praetores
659 2806 842 2869 mittuntur.
866 2802 980 2888 Neque
994 2805 1191 2891 exspectarit,

177 2905 262 2990 quod
280 2904 499 2987 superioribus
519 2905 611 2968 annis
631 2903 795 2987 acciderat,
813 2905 850 2966 ut
869 2903 907 2966 dc
925 2924 1037 2966 eorum
1053 2903 1190 2987 imperio

177 3003 217 3067 ad
230 3002 386 3085 populum
398 3002 530 3087 feratur,
538 3001 746 3085 paludatique
759 3000 845 3064 votis
859 3000 1053 3084 nuncupatis
1063 3005 1189 3065 exeunt.

142 3119 156 3166 7
177 3098 341 3183 Consules,
364 3098 451 3182 quod
473 3102 546 3162 ante
569 3099 602 3162 id
624 3100 750 3180 tempus
775 3096 888 3159 accidit
910 3118 1086 3184 nunquam,
1108 3099 1132 3182 †
1152 3119 1190 3160 ex

176 3197 256 3260 urbe
279 3195 524 3278 proficiscuntur
551 3193 745 3277 lictoresque
772 3192 893 3257 habent
916 3194 951 3258 in
973 3194 1053 3257 urbe
1076 3198 1110 3259 et
1133 3194 1191 3260 Oa·

141 3294 291 3377 spitolio
316 3292 434 3376 privati
457 3295 570 3357 contra
593 3291 701 3355 omnia
723 3290 895 3354 vetustatis
919 3291 1071 3374 exempla.
1106 3290 1191 3355 Tota

176 3388 272 3453 ltalia
294 3389 428 3452 dilectus
450 3389 619 3474 habentur,
648 3411 734 3451 arma
756 3387 963 3473 imperantur,
990 3388 1144 3471 pecuniae
1172 3412 1191 3451 a
1286 3358 1289 3441 l

176 3486 359 3567 municipiis
387 3486 574 3572 exiguntur,
601 3509 618 3549 e
644 3486 728 3550 fanis
758 3484 928 3570 tolluntur,
951 3485 1058 3549 omnia
1082 3486 1191 3550 divina

176 3579 377 3661 humanaque
400 3579 471 3642 iura
493 3581 734 3662 permiscentur.
