2584 4075
222 244 285 308 128
571 245 619 298 ΒΕ
638 244 754 298 BELLO
775 244 884 298 CIVILI

219 412 291 453 rum
314 389 349 453 in
370 389 518 453 citeriore
541 386 648 452 Gallia
670 392 746 453 sunt
769 389 913 474 refectae,
935 392 968 452 et
990 388 1141 472 plerique
1165 396 1250 452 sunt

220 509 258 551 ex
277 486 411 552 coloniis
430 485 675 570 Transpadanis.
712 484 895 571 Attamen,
913 486 997 569 quod
1014 485 1077 549 fuit
1097 486 1252 571 roboris,

185 603 201 650 c
220 584 344 649 duobus
368 583 499 667 proeliis
517 581 728 666 Dyrrachinis
751 582 896 647 interiit?
931 581 1019 647 Haec
1041 604 1116 647 cum
1142 584 1251 650 dixis·

221 685 279 767 set,
300 680 419 744 iuravit
443 701 477 743 se
498 678 562 743 nisi
585 679 739 743 victorem
761 680 796 744 in
815 683 920 744 castra
941 701 1008 743 non
1029 701 1251 747 reversurum

186 798 201 844 6
220 777 435 862 reliquosque,
456 780 493 839 ut
516 776 601 839 idem
622 776 772 862 facerent,
794 777 945 841 hortatus
970 781 1027 841 est.
1072 776 1152 843 Hoc
1176 780 1250 844 lau-

220 876 299 938 dans
321 873 492 958 Pompeius
516 873 600 937 idem
622 873 754 959 iuravit,
777 896 835 939 nec
858 896 933 939 vero
957 897 996 938 ex
1018 875 1158 959 reliquis
1179 880 1248 942 fuit

187 974 399 1057 cquisquam,
422 972 478 1056 qui
500 973 606 1035 iurare
629 971 800 1036 dubitaret.
845 971 933 1036 Haec
955 977 1026 1036 tum
1047 973 1137 1037 facta
1164 982 1248 1041 sunt

219 1071 254 1133 in
277 1069 410 1134 consilio
438 1090 619 1153 magnaque
646 1089 703 1152 spe
737 1073 769 1133 et
796 1069 921 1133 laetitia
948 1070 1092 1133 omnium
1121 1071 1247 1138 disces-

221 1188 292 1229 sum
315 1169 376 1251 0011
400 1187 436 1230 ac
458 1166 524 1229 1001
546 1165 653 1229 001100
681 1165 849 1230 victoriam
875 1165 1126 1253 praecipiebant,
1152 1172 1245 1253 quod

221 1264 259 1327 de
281 1285 316 1327 re
338 1267 430 1327 tanta
458 1267 490 1327 et
518 1285 537 1327 a
563 1266 632 1327 tam
654 1263 758 1347 perito
786 1263 978 1347 imperatore
1006 1262 1091 1327 nihil
1113 1265 1245 1331 frustra

221 1360 402 1424 confirmari
424 1358 601 1424 videbatur.
751 1406 754 1413 .

187 1474 200 1521 1
286 1455 494 1522 LXXXVIII.
531 1453 649 1520 Caesar
672 1479 744 1521 cum
765 1456 898 1542 Pompei
928 1458 1041 1522 castris
1065 1459 1267 1551 adpropin,

222 1558 361 1641 quassat,
388 1554 428 1619 ad
453 1554 540 1618 hunc
565 1553 697 1617 modum
724 1555 823 1619 aciem
851 1555 918 1620 eius
946 1555 1140 1620 instructam
1174 1554 1267 1623 ani-³

187 1653 400 1717 amadvertit.
446 1652 551 1716 Erant
573 1651 608 1714 in
631 1651 764 1715 sinistro
789 1673 887 1716 cornu
909 1652 1052 1737 legiones
1072 1653 1244 1719 111100100-

222 1751 306 1815 ditae
329 1774 348 1816 0
371 1749 507 1814 Caesare
529 1748 623 1812 initio
648 1742 856 1813 dissensionis
879 1771 918 1812 ex
941 1752 1243 1837 senatusconsult03
1266 1798 1267 1821 1

222 1872 357 1932 quarum
379 1871 443 1913 una
465 1847 578 1932 prima,
601 1846 702 1909 altera
729 1845 826 1909 tertia
853 1840 1084 1929 appellabatur.
1135 1846 1179 1912 In
1203 1871 1242 1914 eo
1266 1852 1267 1907 1

187 1942 292 2010 01000
315 1946 384 2029 ipse
407 1948 477 2009 0001
503 1942 683 2026 Pompeius.
734 1941 873 2007 Mediam
900 1943 999 2007 aciem
1027 1940 1135 2026 Scipio
1166 1967 1243 2011 cum

221 2043 402 2129 legionibus
417 2040 557 2125 Syriacis
580 2039 719 2105 tenebat.
757 2037 937 2104 Ciliciensis
956 2040 1041 2125 legio
1064 2042 1243 2109 coniuncta

223 2162 295 2204 cum
317 2140 504 2205 cohortibus
533 2137 703 2224 Hispanis,
731 2158 810 2221 quas
838 2137 1001 2202 traductas
1029 2136 1070 2201 ab
1098 2138 1242 2207 Afranio

187 2237 396 2324 rdocuimus,
418 2238 453 2301 in
476 2237 588 2300 dextro
612 2256 711 2300 cornu
739 2237 831 2299 erant
854 2234 1046 2299 conlocatae.
1091 2234 1162 2301 Has
1187 2240 1243 2303 fir-

222 2333 382 2398 missimas
410 2355 444 2397 00
466 2332 584 2396 habere
610 2330 784 2415 Pompeius
814 2329 1027 2395 existimabat.
1080 2329 1241 2417 Reliquas

222 2431 306 2493 inter
329 2430 428 2494 aciem
450 2428 587 2493 mediam
609 2449 790 2513 cornuaque
809 2428 1011 2493 interiecerat
1038 2450 1242 2516 numeroque

188 2542 204 2588 5
223 2527 370 2592 cohortes
390 2544 435 2591 cx
453 2527 643 2610 expleverat.
676 2525 764 2591 Haec
783 2529 874 2589 erant
892 2546 1024 2590 numero
1043 2525 1134 2590 milia
1156 2545 1241 2616 xnv,

223 2630 426 2691 evocatorum
448 2624 574 2687 circiter
597 2623 670 2709 duc,
693 2644 773 2706 quae
798 2645 836 2687 ex
857 2622 1069 2686 beneficiariis
1095 2626 1240 2707 superio-

221 2746 293 2787 rum
316 2721 513 2786 exercituum
540 2721 579 2784 ad
607 2742 679 2784 eum
707 2724 933 2804 convenerant3
962 2740 1043 2802 quae
1070 2723 1143 2784 tota
1171 2724 1240 2787 acie

222 2821 423 2904 disperserat.
469 2816 622 2900 Reliquas
650 2817 798 2881 cohortes
828 2836 878 2880 vn
905 2818 941 2881 in
970 2817 1084 2881 0001010
1107 2822 1240 2903 propin-

188 2930 204 2977 0
223 2919 358 3001 quisque
377 2901 517 2979 castellis
536 2915 695 2999 praesidio
715 2917 925 2999 disposuerat.
962 2913 1121 2980 Dextrum
1137 2938 1239 2982 cornu

223 3014 290 3077 eius
313 3013 402 3076 rivus
427 3011 555 3094 quidam
578 3012 740 3096 impeditis
764 3013 844 3097 ripis
872 3012 1051 3096 muniebat3
1080 3035 1177 3097 quam
1196 3017 1237 3080 ob
1266 3011 1267 3014 '

223 3133 351 3175 causam
378 3113 528 3172 0000111111
556 3109 749 3196 equitatum,
778 3110 964 3194 sagittarios
994 3109 1237 3195 funditoresque

223 3229 332 3272 ornnes
356 3206 490 3270 01010100
514 3228 612 3270 cornu
637 3207 801 3271 adiecerat.

190 3318 203 3363 1
290 3302 514 3368 LXXXVIIII.
552 3300 670 3368 Caesar
692 3305 838 3388 superius
858 3303 1045 3368 institutum
1064 3327 1194 3371 servans
1212 3326 1235 3371 x

222 3401 381 3485 legionem
403 3401 439 3464 in
461 3402 573 3465 dextro
597 3423 707 3487 cornu,
730 3420 767 3465 lx
789 3401 824 3465 in
847 3401 978 3465 sinistro
1008 3401 1234 3489 conlocauerat,

222 3497 352 3561 tametsi
375 3502 443 3561 erat
457 3497 667 3581 Dyrrachinis
687 3498 818 3582 proeliis
836 3499 1041 3562 vehementer
1060 3503 1234 3584 attenuata,

223 3597 254 3655 et
280 3593 357 3657 huic
385 3594 430 3659 010
454 3595 599 3658 adiunxit
629 3613 702 3679 vm,
730 3599 767 3657 ut
795 3614 894 3677 paene
922 3616 1019 3656 unam
1047 3615 1087 3657 011
1115 3596 1233 3661 duabus
