2584 4075
188 229 231 292 14
538 226 586 279 DE
605 225 722 279 BELLO
741 225 851 280 CIVILI

128 439 132 448 ,
187 373 374 459 manserint,
397 372 548 458 proiectis
576 370 725 436 omnibus
752 370 847 454 fugae
874 372 1045 436 consilium
1075 392 1207 455 eapere3

153 491 169 538 3
188 472 303 536 debere
326 493 360 535 se
383 492 459 534 suae
482 469 597 534 salutis
615 468 774 532 rationem
791 468 917 534 habere.
953 469 1006 533 Ab
1024 469 1077 533 his
1097 469 1206 553 primo

187 567 289 632 Marsi
311 567 481 631 dissentire
502 564 662 648 incipiunt
684 586 818 649 eamque
836 567 947 650 oppidi
964 571 1101 654 partem,
1122 588 1207 650 quae

187 664 404 729 munitissima
437 664 610 747 videretur,
641 667 812 749 occupant,
843 668 998 748 tantaque
1028 663 1116 727 inter
1149 684 1206 727 eos

188 763 344 827 dissensio
359 761 497 847 exsistit,
510 763 547 824 ut
560 781 692 824 manum
705 780 870 825 conserere
884 766 981 845 atque
995 762 1094 826 armis
1113 761 1206 824 dimi-

152 881 259 926 4care
290 862 458 943 conentur3
489 861 564 941 post
596 857 692 942 paulo
725 861 833 920 tamen
867 857 1077 922 internuntiis
1114 857 1205 921 ultro

189 957 333 1039 citroque
355 955 473 1041 missis,
501 949 585 1038 quae
609 954 813 1039 ignorabant,
840 953 878 1017 de
900 952 935 1017 L.
963 952 1104 1018 Domitii
1126 955 1205 1039 fuga

153 1073 169 1121 s
188 1057 393 1138 cognoscunt.
430 1052 544 1136 Itaque
567 1073 677 1116 omnes
695 1072 761 1115 uno
780 1051 914 1115 consilio
929 1050 1114 1115 Domitium
1132 1075 1204 1136 pro-

188 1150 319 1214 ductum
341 1151 376 1213 in
398 1149 563 1233 publicum
585 1148 826 1214 circumsistunt
849 1151 881 1212 et
909 1149 1096 1212 custodiunt
1119 1149 1203 1234 lega-

188 1251 304 1330 tosque
336 1269 374 1310 ex
407 1268 465 1310 suo
497 1267 630 1310 numero
664 1244 703 1308 ad
742 1242 910 1308 Gaesarem
945 1243 1096 1309 mittunt:
1136 1268 1204 1310 sese

188 1349 319 1429 paratos
339 1365 408 1407 esse
426 1347 537 1427 portas
558 1344 689 1427 aperire,
708 1363 851 1424 quaeque
865 1341 1080 1427 imperaverit,
1100 1343 1204 1407 faeere

189 1445 221 1504 et
244 1439 278 1503 L.
301 1439 482 1504 Domitium
504 1440 613 1503 vivum
634 1440 671 1504 in
693 1440 761 1503 eius
784 1442 979 1522 potestatem
1002 1440 1139 1505 tradere.

153 1548 168 1595 1
254 1536 340 1601 XXI.
378 1533 501 1611 Quibus
533 1536 629 1600 rebus
662 1536 801 1621 cognitis
834 1533 966 1621 Caesar,
998 1537 1061 1599 etsi
1092 1539 1203 1622 magni

188 1635 343 1698 interesse
376 1622 594 1697 arbitrabatur
630 1656 727 1717 quam
770 1633 910 1716 primum
946 1634 1064 1716 oppido
1102 1637 1203 1719 potiri

189 1733 401 1816 cohortesque
423 1732 516 1795 adse
538 1730 573 1794 in
595 1736 700 1794 castra
723 1731 897 1815 traducere,
919 1752 960 1794 ne
983 1753 1047 1814 qua
1066 1736 1124 1796 aut
1141 1732 1203 1797 lar-

190 1831 367 1914 gitionibus
395 1833 451 1893 aut
479 1828 577 1892 animi
603 1828 844 1892 confirmatione
873 1832 929 1891 aut
956 1828 1047 1891 falsis
1076 1831 1203 1894 nuntiis

190 1928 397 1992 commutatio
420 1926 511 1990 fieret
533 1925 720 2011 voluntatis,
743 1924 828 2008 quod
851 1947 945 2008 saepe
967 1926 1003 1989 in
1020 1925 1108 1991 bello
1132 1950 1203 2012 par-

155 2044 170 2091 2
189 2024 239 2088 vis
257 2023 427 2089 momentis
445 2022 555 2107 magni
573 2044 665 2087 casus
683 2022 923 2108 intercederent,
940 2025 1049 2087 tamen
1069 2024 1204 2112 veritus,

188 2141 230 2183 ne
252 2120 393 2183 militum
414 2120 551 2182 introitu
574 2124 606 2184 et
623 2121 774 2184 nocturni
792 2121 946 2204 temporis
963 2121 1095 2185 lieentia
1114 2125 1204 2207 oppi-

190 2216 266 2279 dum
287 2216 488 2301 diriperetur,
510 2237 575 2302 eos,
598 2218 654 2300 qui
676 2220 838 2303 venerant,
856 2216 1026 2281 conlaudat
1048 2221 1147 2302 atque
1168 2221 1204 2283 in

191 2312 343 2396 oppidum
374 2312 526 2397 dimittit,
556 2318 668 2396 portas
699 2335 873 2398 murosque
908 2313 1071 2379 adservari
1102 2316 1203 2382 iubet.

155 2408 263 2493 slpse
289 2412 325 2474 io
352 2410 392 2473 iis
423 2409 583 2495 operibus,
611 2432 693 2494 quae
720 2412 823 2475 facere
848 2410 1050 2498 instituerat,
1080 2413 1203 2477 milites

190 2507 341 2592 disponit,
367 2526 434 2570 non
461 2506 556 2569 certis
585 2507 699 2589 spatiis
725 2507 929 2594 intermissis,
958 2512 995 2572 ut
1018 2514 1088 2572 erat
1111 2532 1203 2595 supe

189 2603 312 2668 riorum
334 2601 456 2665 dierum
484 2603 690 2688 consuetudo,
718 2606 773 2668 sed
799 2607 962 2689 perpetuis
988 2605 1111 2690 vigiliis
1139 2614 1203 2672 sta-

189 2701 406 2785 tionibusque,
424 2704 461 2763 ut
479 2700 669 2785 contingant
687 2702 771 2765 inter
790 2724 824 2765 se
843 2706 939 2785 atque
955 2724 1083 2767 omnem
1099 2707 1203 2769 muni-

155 2798 312 2861 4tionem
338 2796 499 2881 expleant,
526 2797 675 2861 tribunos
703 2799 844 2862 militum
870 2803 902 2862 et
933 2800 1112 2882 praefectos
1144 2804 1202 2867 cir·

190 2894 365 2958 cummittit
389 2897 485 2977 atque
506 2893 666 2981 hortatur,
688 2916 755 2959 non
780 2896 885 2959 solum
912 2897 952 2959 ab
976 2898 1202 2981 eruptionibus

190 2991 331 3075 caveant,
349 2989 404 3052 sed
422 2989 520 3052 etiam
539 2989 740 3075 singulorum
752 2992 920 3056 hominum
935 2995 1077 3059 occultos
1096 2996 1202 3060 exitus

156 3100 172 3147 s
192 3088 370 3153 observent.
406 3083 519 3169 Neque
538 3108 613 3152 vero
632 3082 700 3152 t'am
717 3090 852 3153 remisso
872 3112 908 3153 ac
925 3090 1078 3175 languido
1095 3093 1202 3156 animo

97 3204 100 3210 ’
191 3186 361 3269 quisquam
393 3184 536 3249 omnium
571 3185 650 3270 fuit,
682 3186 738 3269 qui
773 3208 811 3249 ea
844 3190 939 3250 noete
974 3189 1202 3271 conquieverit.

156 3303 171 3349 o
191 3283 295 3346 Tanta
308 3285 377 3345 erat
396 3302 537 3345 summae
555 3302 663 3344 rerum
681 3284 887 3369 exspectatio,
905 3288 942 3347 ut
961 3283 1043 3347 alius
1057 3285 1092 3348 in
1106 3287 1203 3350 aliam

190 3382 314 3462 partem
336 3382 441 3442 mente
465 3382 561 3461 atque
585 3379 691 3443 animo
715 3380 905 3466 traheretur,
929 3381 1005 3465 quid
1027 3382 1108 3464 ipsis
1127 3381 1203 3448 Cor·

190 3474 388 3560 finiensibus,
411 3475 488 3557 quid
509 3473 665 3561 Domitio,
693 3475 769 3559 quid
791 3474 939 3562 Lentulo,
968 3477 1045 3559 quid
1067 3480 1203 3564 reliquis

191 3570 355 3656 accideret,
377 3571 432 3653 qui
457 3592 601 3654 quosque
624 3577 756 3635 eventus
780 3571 967 3653 exciperent.
