2584 4075
189 268 253 331 136
537 264 585 316 DE
604 262 721 317 BELLO
741 263 849 317 CIVILI
898 293 905 304 ·

154 428 169 476 7
189 417 265 476 sunt
288 412 454 495 depressae
476 411 631 473 triremes,
644 435 656 457 ν
668 406 781 491 Neque
799 407 903 470 multo
922 411 997 490 post
1018 406 1058 469 de
1081 405 1216 489 proelio

80 511 84 519 ’
188 511 273 573 facto
297 509 332 572 in
354 507 519 571 Thessalia
546 505 712 590 cognitum
739 509 797 589 est,
826 507 863 567 ut
891 504 971 587 ipsis
998 501 1216 585 Pompeianis

188 606 266 669 fides
289 604 394 688 fieret,
420 625 496 667 nam
524 607 598 666 ante
624 601 658 664 id
685 606 812 684 tempus
836 601 915 685 fingi
946 624 964 664 a
986 601 1106 685 legatis
1131 598 1216 661 ami-

189 703 298 785 cisque
321 698 467 764 Caesaris
497 698 746 763 arbitrabantur.
793 697 916 773 Quibus
939 697 1035 762 rebus
1064 687 1215 781 cognitis

190 820 228 861 ex
247 797 298 861 his
321 797 400 860 locis
424 794 555 859 Cassius
578 817 651 859 cum
674 796 775 858 classe
797 796 952 859 discessit.

154 914 169 960 1
257 893 323 958 CH.
361 892 478 957 Caesar
503 893 651 958 omnibus
675 892 770 955 rebus
802 893 922 956 relictis
950 892 1214 975 persequendum

191 992 253 1056 sibi
280 990 467 1074 Pompeium
495 988 701 1073 existimarit,
729 1011 945 1073 quascumque
972 989 1007 1051 in
1033 986 1144 1071 partes
1176 1010 1214 1051 se

191 1110 229 1150 ex
257 1087 333 1171 fuga
360 1088 541 1173 recepisset,
570 1108 610 1150 ne
638 1108 751 1151 rursus
780 1089 888 1170 copias
917 1107 1103 1168 comparare
1127 1086 1213 1148 alias

190 1190 222 1249 et
245 1186 365 1248 bellum
387 1207 539 1249 renovare
562 1189 681 1268 posset,
709 1188 741 1247 et
772 1189 1053 1267 quantumcunque
1079 1183 1212 1245 itineris

191 1284 337 1367 equitatu
359 1283 483 1346 efficere
509 1285 647 1367 poterat,
675 1281 791 1346 cotidie
819 1280 1085 1364 progrediebatur
1108 1280 1211 1363 legio·

191 1401 325 1462 nemque
357 1401 455 1442 unam
486 1378 666 1441 minoribus
699 1377 870 1442 itineribus
911 1377 1064 1460 subsequi
1101 1377 1209 1439 iussit.

157 1476 273 1540 aErat
296 1475 434 1539 edictum
460 1473 593 1557 Pompei
619 1476 749 1538 nomine
776 1475 966 1558 Amphipoli
992 1476 1211 1559 propositum,

192 1573 240 1636 uti
269 1595 377 1637 omnes
410 1574 478 1637 eius
511 1572 692 1656 provinciae
726 1572 881 1655 iuniores,
912 1569 1025 1634 Graeci
1057 1572 1210 1654 civesque

158 1669 339 1756 3R0mani,
362 1664 488 1734 iurandi
512 1692 607 1732 causa
635 1668 849 1732 convenirent.
898 1665 959 1731 Sed
986 1671 1097 1730 utrum
1121 1691 1208 1731 aver-

192 1766 304 1832 tendae
337 1767 528 1850 suspicionis
561 1787 656 1829 causa
692 1764 863 1848 Pompeius
900 1765 1139 1850 proposuisset,
1171 1770 1208 1828 ut

193 1888 289 1949 quam
311 1866 490 1929 diutissime
517 1862 674 1947 longioris
702 1863 797 1946 fugae
820 1861 990 1924 consilium
1021 1863 1208 1953 occultaret,

193 1984 234 2025 an
264 1962 356 2025 novis
389 1960 572 2046 dilectibus,
605 1960 633 2023 si
662 1981 755 2022 nemo
783 1963 955 2046 premeret,
986 1956 1207 2021 Macedoniam

157 2075 174 2121 4
193 2064 299 2123 tenere
323 2064 501 2144 conaretur,
523 2058 701 2122 existimari
722 2078 789 2121 non
811 2060 946 2139 poterat.
992 2055 1066 2139 lpse
1085 2055 1131 2119 ad
1155 2078 1207 2119 an-

193 2179 299 2220 coram
322 2179 419 2220 unam
440 2160 567 2220 noctem
591 2155 738 2219 constit't
762 2158 794 2216 et
816 2152 939 2216 vocatis
964 2151 1003 2214 ad
1025 2173 1058 2214 se
1073 2150 1205 2235 Amphi-

193 2252 260 2335 poli
290 2252 474 2335 hospitibus
507 2257 538 2315 et
574 2252 708 2334 pecunia
746 2251 784 2314 ad
820 2250 1016 2313 necessarios
1057 2254 1206 2331 sumptus
1280 2251 1281 2284 ³

194 2352 367 2432 conrogata
386 2349 515 2432 cognito
531 2347 676 2411 Caesaris
697 2348 835 2411 adventu
854 2369 893 2410 ex
912 2369 949 2410 eo
968 2346 1039 2410 loco
1059 2346 1207 2409 discessit

159 2462 174 2507 5
194 2450 225 2509 et
248 2444 421 2528 Mytilenas
445 2446 554 2527 paucis
577 2445 689 2507 diebus
713 2445 808 2507 venit.
853 2442 993 2506 Biduum
1015 2446 1207 2525 tempestate

193 2546 337 2607 retentus
359 2542 559 2624 navibusque
583 2541 655 2604 aliis
680 2541 796 2604 additis
826 2533 976 2604 actuariis
1004 2541 1039 2603 in
1061 2538 1206 2603 Ciliciam

159 2645 291 2724 satque
317 2639 390 2703 inde
419 2636 561 2720 Cyprum
588 2639 741 2721 pervenit.
791 2637 842 2701 lbi
871 2638 1022 2721 cognovit
1049 2659 1206 2700 consensu

195 2738 337 2801 omnium
369 2734 634 2798 Antiochensium
667 2736 847 2817 civiumque
879 2733 1115 2819 Romanorum,
1153 2734 1206 2816 qui

193 2834 259 2896 illic
280 2832 531 2917 negotiarentur,
559 2854 662 2896 arcem
692 2836 818 2917 captam
848 2854 916 2894 esse
947 2831 1134 2895 excludendi
1157 2831 1206 2894 sui

194 2953 288 2994 causa
315 2928 510 3010 nuntiosque
539 2927 688 2991 dimissos
717 2929 756 2992 ad
779 2951 843 3014 eos,
872 2929 985 3012 quise
1012 2951 1050 2992 ex
1072 2930 1151 3012 fuga
1173 2929 1205 2990 in

193 3027 347 3090 finitimas
371 3024 516 3088 civitates
545 3026 701 3108 recepisse
728 3026 916 3111 dicerentur,
941 3047 982 3088 ne
1000 3025 1205 3089 Antiochiam

196 3125 331 3207 adirent3
354 3121 386 3185 id
410 3122 439 3185 si
461 3122 620 3206 fecissent,
641 3144 759 3207 magno
784 3146 894 3186 eorum
922 3122 1036 3205 capitis
1065 3122 1205 3205 periculo

159 3223 348 3286 rfuturum.
389 3218 477 3282 Idem
508 3219 569 3282 hoc
600 3217 634 3284 L.
668 3219 815 3305 Lentulo,
846 3220 902 3303 qui
931 3219 1093 3302 superiore
1124 3240 1205 3281 anno

195 3318 307 3384 consul
329 3317 443 3401 iuerat,
465 3321 497 3380 et
510 3315 543 3380 P.
559 3315 696 3381 Lentulo
716 3317 876 3381 consulari
896 3338 932 3380 ac
951 3314 1115 3379 noimullis
1136 3315 1204 3377 aliis

195 3417 350 3481 acciderat
364 3413 484 3498 Rhodi,
508 3415 563 3498 qui
586 3436 659 3477 cum
682 3438 720 3477 ex
738 3415 816 3499 fuga
834 3413 1021 3496 Pompeium
1042 3433 1204 3494 sequeren-

194 3518 248 3576 tur
267 3517 363 3595 atque
381 3512 416 3573 in
433 3511 572 3574 insulam
591 3512 763 3594 venissent,
782 3510 899 3593 oppido
919 3531 955 3572 ac
973 3513 1070 3591 portu
1089 3508 1204 3590 recepti
1277 3513 1282 3536 ¹

194 3631 260 3672 non
287 3611 377 3671 erant
404 3608 575 3690 missisque
603 3607 643 3669 ad
670 3628 724 3669 ecs
751 3605 885 3691 nuntiis,
913 3609 949 3668 ut
978 3627 1016 3667 ex
1045 3604 1096 3667 his
1126 3604 1204 3666 locis
