2584 4075
176 242 218 305 22
524 240 572 293 DE
592 239 708 292 BELLO
728 238 836 326 (ἶΝῌιΙ

170 384 443 469 disputationibus
459 383 784 466 excusationibusque
798 381 988 446 extrahitur.
1022 379 1187 445 Subicitur

170 483 267 547 etiam
289 482 324 546 L.
338 480 487 546 Metellus
511 480 661 544 tribunus
684 480 787 563 plebis
813 480 853 543 ab
878 479 1017 543 inimicis
1031 476 1188 563 Caesaris,
1207 550 1212 558 ,

171 580 227 663 qui
252 579 335 643 hanc
362 601 429 642 rem
456 577 614 641 distrahat
636 577 842 660 reliquasque
870 599 935 661 rea,
970 597 1188 660 quascumque

136 691 265 762 lagare
301 677 493 761 instituerit,
530 674 690 759 impediat.
746 672 847 738 Cuius
884 674 1015 758 cognito
1052 673 1187 736 consilio

172 773 288 840 Caesar
310 774 430 837 frustra
449 773 560 837 diebus
585 772 710 855 aliquot
736 771 944 855 consumptis,
965 791 1006 834 ne
1028 769 1189 863 reliqqum

172 875 298 955 tempus
312 870 464 956 dimittat,
482 870 609 934 infectis
628 868 679 953 iis,
698 890 783 952 quae
798 888 891 952 agere
908 867 1135 952 destinaverat,
1149 867 1188 929 ab

172 967 251 1030 urbe
269 967 481 1049 proficiscitur
501 971 597 1050 atque
617 966 652 1029 in
672 965 858 1028 ulteriorem
877 963 1016 1027 Calliam
1034 965 1187 1047 pervenit,

139 1081 152 1128 1
238 1062 402 1127 XXXIHI.
439 1062 605 1139 Quocum
629 1063 781 1147 venisset,
808 1061 974 1147 cognoscit
995 1061 1134 1125 missum
1155 1064 1189 1125 ia

173 1161 367 1243 Hispaniam
390 1184 408 1225 a
430 1159 582 1244 Pompeio
606 1159 790 1223 Vibullium
807 1158 938 1244 Rufum,
961 1180 1056 1242 quem
1079 1158 1189 1242 paucis

139 1273 155 1321 2
174 1262 248 1321 ante
271 1259 381 1322 diebus
405 1256 548 1322 Corfinio
572 1261 703 1339 captum
721 1257 790 1339 ipse
809 1256 987 1340 dimiserat,
1009 1256 1190 1339 profectum

174 1355 252 1417 item
265 1352 445 1418 Domitium
457 1354 499 1417 ad
513 1354 729 1436 occupandam
738 1352 917 1416 Massiliam
930 1352 1067 1416 navibus
1085 1349 1190 1415 actua-

174 1451 232 1514 riis
263 1468 326 1536 vn,
354 1473 433 1534 quas
461 1448 548 1534 Igilii
577 1450 667 1513 etin
694 1448 820 1514 Cosano
849 1474 867 1513 a
894 1450 1030 1533 privatis
1064 1455 1189 1513 coactas

142 1548 289 1633 aservis,
319 1548 460 1633 libertis,
487 1547 609 1611 colonis
638 1548 705 1609 suis
734 1546 961 1629 compleverat3
995 1546 1189 1628 praemissos
1283 1565 1284 1568 ’

175 1646 272 1709 etiam
288 1646 413 1731 legatos
428 1644 644 1709 Massilienses
665 1644 804 1729 domum,
817 1643 942 1706 nobiles
962 1643 1191 1730 adulescentes,

176 1735 256 1829 quos
280 1744 320 1807 ab
344 1744 423 1807 urbe
446 1743 608 1807 discedens
630 1738 802 1823 Pompeius
832 1744 900 1803 erat
928 1739 1130 1826 adhortatus,
1151 1764 1191 1805 ne

175 1863 258 1906 nova
281 1840 426 1906 Caesaris
451 1842 555 1906 officia
578 1844 723 1904 veterum
752 1860 883 1902 suorum
897 1835 1135 1901 'beneficiorum
1158 1839 1191 1902 in

141 1950 229 2001 teos
253 1939 439 2002 memoriam
463 1937 665 2020 expellerent.
712 1933 835 2010 Quibus
864 1934 1023 1997 mandatis
1052 1937 1190 2018 acceptis

176 2033 392 2099 Massilienses
415 2040 526 2119 portas
541 2033 670 2099 Caesari
694 2032 889 2116 clauserant,
911 2030 1055 2117 Albicos,
1079 2032 1191 2097 barba·

176 2152 230 2194 ros
251 2129 407 2216 homines,
430 2133 485 2214 qui
508 2132 542 2195 in
565 2131 761 2212 eorum-fide
785 2130 964 2213 antiquitus
984 2134 1081 2192 erant
1103 2153 1192 2195 mon·

176 2231 287 2311 tesqua
311 2249 407 2310 supra
429 2228 609 2291 Massiliam
632 2227 825 2311 incolebant,
849 2226 888 2289 ad
912 2246 945 2289 se
968 2232 1191 2310 evocaverant,

143 2324 373 2387 strumentum
396 2346 434 2388 ex
458 2325 605 2388 finitimis
628 2323 815 2408 regionibus
840 2328 936 2406 atque
963 2322 1113 2387 omnibus
1146 2347 1193 2391 ca·

179 2420 280 2483 stellis
299 2421 333 2483 in
352 2421 464 2485 urbem
483 2425 705 2506 convexerant,
725 2442 887 2484 armorum
901 2420 1045 2483 officinas
1063 2421 1100 2484 in
1113 2422 1193 2485 urbe

177 2518 399 2603 instituerant,
422 2540 540 2604 muros,
563 2523 684 2603 portas,
708 2519 841 2582 classem
864 2517 1057 2581 reficiebant.

144 2628 158 2677 1
244 2612 373 2678 XXXV.
411 2614 533 2679 Evocat
557 2616 596 2677 ad
624 2637 657 2678 se
681 2613 798 2679 Caesar
822 2614 968 2677 Massilia
990 2633 1038 2677 xv
1061 2617 1193 2698 primos.

179 2709 260 2775 Cum
281 2712 333 2776 his
356 2711 434 2797 agit,
459 2733 500 2775 ne
530 2712 661 2776 initium
687 2711 843 2789 inferendi
867 2712 944 2774 belli
970 2711 1194 2789 massilien·

179 2808 268 2872 sibus
301 2807 436 2892 oriatur,
469 2808 581 2872 debere
612 2832 666 2873 eos
697 2809 810 2873 Italiac
837 2810 939 2872 totius
968 2810 1195 2874 auctoritatem

180 2905 271 2987 sequi
292 2905 401 2987 potius
429 2927 526 2989 quam
552 2907 649 2970 unius
671 2907 812 2970 hominis
840 2906 1002 2970 voluntati
1032 2907 1195 2991 obtempe-

144 3016 257 3066 arare.
302 3000 448 3087 Reliqua,
472 3024 553 3086 quae
576 3004 616 3066 ad
640 3027 751 3068 eorum
776 3004 932 3068 sanandas
951 2998 1080 3068 mentes
1098 3006 1195 3089 perti-

144 3113 160 3159 3
179 3121 253 3163 nere
268 3097 495 3186 arbitrabatur,
509 3105 745 3165 commemorat.
783 3099 882 3164 Cuius
903 3101 1081 3165 orationem
1095 3102 1195 3187 legati

160 3198 309 3260 (domum
331 3196 473 3259 referunt
497 3201 595 3281 atque
615 3220 654 3261 ex
672 3204 796 3262 sanutus
815 3199 1007 3261 auctoritate
1024 3199 1103 3264 haec
1120 3199 1196 3264 Cae-

180 3294 244 3357 sari
267 3293 465 3357 renuntiant:
494 3293 687 3379 Intellegere
715 3317 749 3358 se
777 3295 913 3358 divisum
941 3317 1009 3359 esse
1038 3298 1196 3380 populum

180 3389 359 3454 Romanum
390 3390 425 3454 in
457 3395 565 3475 partes
596 3393 683 3455 duas.
730 3391 842 3474 Neque
875 3392 926 3454 sui
955 3392 1064 3456 iudicii
1093 3416 1197 3478 neque

181 3506 312 3548 suarum
344 3506 412 3550 esse
446 3489 563 3551 virium
594 3489 785 3573 discernere,
817 3492 890 3551 utra
921 3511 995 3572 pars
1028 3490 1198 3555 iustiorem

147 3579 300 3648 4habeat
333 3602 469 3646 causam,
513 3584 677 3667 Principes
710 3607 784 3648 vero
818 3604 887 3646 esse
915 3606 1023 3648 earum
1054 3589 1196 3669 partium
