2584 4075
168 195 210 255 lt]
515 192 565 244 DE
583 192 701 245 BELLO
720 191 831 245 cmm

166 343 198 400 et
211 337 366 420 profugit.
397 336 521 400 Milites
534 337 570 399 in
582 336 699 398 itinere
712 336 754 399 ab
768 358 806 399 eo
819 334 986 398 disoedunt
1001 355 1038 397 ac
1054 332 1194 396 domum

131 444 148 490 3
166 439 380 498 revertuntur.
416 431 516 497 Curio
538 456 663 496 summa
687 433 831 497 omnium
851 429 1193 514 voluntatelguvium
1291 500 1292 515 ,

166 532 289 614 recipit.
324 530 448 605 Quibus
475 531 573 594 rebus
598 530 740 614 cognitis
767 530 909 593 confisus
933 528 1193 610 municipiorum

166 629 390 693 voluntatibus
405 625 523 691 Caesar
544 627 693 691 cohortes
711 627 851 711 legionis
873 644 938 689 xm
959 649 998 689 ex
1016 625 1191 709 praesidiis

167 726 294 790 deducit
307 725 546 808 Auximumque
559 724 788 808 proficiscitur,
802 724 889 808 quod
903 724 1060 806 oppidum
1073 722 1191 786 Attius

168 823 356 886 cohortibus
378 823 572 886 introductis
589 821 720 885 tenebat
738 822 956 905 dilectumque
974 825 1048 885 toto
1068 819 1190 885 Piceno

169 920 396 983 circummissis
419 919 622 983 senatoribus
643 918 794 982 habebat.

135 1035 150 1082 1
235 1016 324 1081 XHL
359 1015 510 1079 Adventu
524 1014 670 1080 Caesaris
693 1017 824 1100 cognito
847 1017 1034 1081 decuriones
1053 1016 1191 1080 Auximi

170 1115 210 1178 ad
235 1113 365 1177 Attium
390 1112 515 1177 Varum
541 1114 725 1196 frequentes
756 1114 965 1197 conveniunt3
991 1114 1110 1177 docent
1139 1114 1191 1177 sui

169 1213 281 1275 iudicii
293 1234 362 1275 rem
377 1233 445 1275 non
462 1234 544 1295 esse3
557 1232 662 1293 neque
675 1232 710 1273 se
724 1232 829 1293 neque
846 1211 989 1294 reliquos
1006 1212 1189 1294 municipes

170 1310 240 1391 pati
257 1331 352 1392 posse
370 1307 404 1372 C.
420 1306 587 1371 Caesarem
604 1309 842 1393 imperatorem,
859 1308 941 1371 bene
959 1308 998 1372 de
1020 1309 1191 1391 republica

169 1405 330 1489 meritum,
351 1405 453 1466 tantis
475 1404 571 1466 rebus
594 1405 696 1487 gestis
720 1405 837 1488 oppido
855 1406 1093 1489 moenibusque
1117 1428 1190 1489 pro-

170 1502 289 1565 hiberi:
311 1499 445 1583 proinde
461 1500 580 1564 habeat
597 1502 757 1565 rationem
774 1502 977 1584 posteritatis
996 1504 1030 1565 et
1052 1503 1191 1585 periculi

137 1600 232 1664 usui
286 1597 429 1673 Quomm
461 1598 605 1661 oratione
636 1604 803 1681 permotus
837 1597 945 1663 Varus
981 1599 1191 1685 praesidium,

137 1713 154 1760 3
173 1697 259 1781 quod
275 1696 508 1781 introduxerat,
525 1717 564 1759 ex
583 1697 701 1779 oppido
720 1696 826 1759 educit
844 1718 881 1759 ac
899 1697 1054 1780 profugit.
1092 1696 1191 1762 Hunc

173 1794 338 1878 exprimo
362 1793 472 1857 ordine
492 1793 587 1876 pauci
609 1793 755 1856 Caesaris
778 1795 942 1858 consecuti
962 1794 1086 1858 milites
1118 1785 1215 1861 cou-¹

137 1909 155 1955 4
175 1892 287 1954 sistere
309 1894 490 1976 coegerunt.
536 1888 716 1953 Commisso
743 1890 867 1973 proelio
895 1890 1053 1953 deseritur
1078 1915 1098 1955 a
1122 1894 1190 1957 suis

173 1986 293 2073 Varus,
315 1989 472 2053 nonnulla
493 2010 569 2072 pars
592 1987 734 2052 militum
751 1988 881 2053 domum
899 1988 1046 2074 discedit3
1070 1991 1192 2074 reliqui

175 2085 215 2147 ad
228 2083 396 2149 Caesarem
408 2086 608 2170 perveniunt,
628 2090 725 2168 atque
738 2109 803 2149 una
821 2109 894 2150 cum
911 2087 951 2150 iis
970 2087 1191 2170 deprehensus

173 2180 209 2245 L.
218 2181 349 2267 Pupius,
357 2182 454 2265 primi
463 2182 522 2265 pili
532 2183 686 2268 centurio,
695 2184 871 2270 adducitur,
885 2184 942 2266 qui
954 2184 1041 2248 hunc
1053 2187 1190 2251 eundem

139 2296 156 2344 5
175 2278 317 2342 ordinem
340 2279 375 2342 in
397 2278 537 2343 exercitu
557 2277 612 2342 On
630 2278 764 2363 Pompei
781 2285 876 2344 antea
894 2282 1036 2345 duxerat.
1070 2281 1192 2361 Caesar

174 2376 293 2440 milites
302 2374 455 2441 Attianos
465 2376 644 2461 conlaudat,
652 2374 792 2460 Pupium
801 2376 946 2462 dimittit,
956 2376 1192 2445 Auximatibus

176 2473 243 2557 agit
257 2474 378 2557 gratias
393 2494 490 2557 seque
508 2494 619 2537 eorum
635 2473 715 2536 facti
731 2495 905 2537 memorem
921 2474 991 2538 fore
1006 2476 1191 2558 pollicetur.

142 2590 154 2635 1
240 2569 345 2636 ΧΠΠ.
381 2569 503 2646 Quibus
526 2571 622 2634 rebus
650 2568 787 2634 Romam
812 2571 971 2635 nuntiatis
1000 2572 1115 2638 tantus
1143 2599 1192 2640 re

175 2672 270 2752 pente
283 2672 387 2731 terror
401 2668 529 2753 invasit,
548 2671 584 2730 ut
602 2690 675 2732 cum
688 2666 845 2733 Lentulus
860 2670 973 2733 consul
988 2670 1029 2733 ad
1047 2674 1191 2754 aperien-

175 2767 251 2830 dum
282 2765 440 2829 aerarium
465 2765 605 2829 venisset
638 2764 678 2828 ad
707 2765 937 2849 pecuniamque
965 2765 1120 2850 Pompeio
1152 2792 1190 2834 ex

176 2862 454 2928 senatusconsulto
477 2863 709 2947 proferendam,
726 2861 875 2944 protinus
894 2867 1004 2946 aperto
1028 2866 1191 2932 sanctiore

176 2961 298 3026 aerario
331 2982 370 3024 ex
401 2960 480 3024 urbe
511 2960 706 3043 profugeret.
753 2957 869 3023 Caesar
902 2961 987 3023 enim
1017 2961 1191 3029 adventare

177 3057 390 3141 iamiamque
413 3061 445 3121 et
469 3057 579 3121 adesse
601 3057 669 3120 eius
693 3056 816 3139 equites
839 3056 921 3121 falso
944 3058 1190 3127 nuntiabantur.

141 3155 271 3221 aHune
297 3154 468 3220 Marcellus
496 3154 618 3239 collega
645 3157 677 3217 et
703 3153 848 3236 plerique
874 3155 1084 3239 magistratus
1116 3181 1190 3224 con·

141 3254 278 3320 saecuti
306 3256 390 3318 sunt.
437 3250 493 3317 On.
520 3250 691 3334 Pompeius
719 3250 820 3334 pridie
847 3250 915 3314 eius
949 3252 1011 3316 diei
1038 3275 1077 3317 ex
1109 3257 1191 3322 urbe

176 3352 338 3435 profectus
370 3350 432 3415 iter
465 3351 504 3415 sd
536 3350 679 3434 legiones
710 3347 863 3434 habebat,
895 3371 974 3432 quas
1006 3373 1025 3414 a
1052 3349 1191 3418 Caesare

142 3463 159 3511 4
178 3452 321 3532 acceptas
345 3447 381 3511 iu
401 3446 527 3531 Apulia·
542 3446 752 3510 hibernorum
774 3468 869 3509 causa
887 3446 1096 3529 disposuerat.
1133 3449 1190 3515 Di-

177 3543 279 3605 lectus
303 3544 385 3607 circa
407 3544 520 3607 urbem
542 3543 814 3625 intermittuntur3
836 3543 919 3605 nihil
941 3544 1021 3607 citra
1044 3544 1191 3630 Capuam
