2584 4075
203 258 268 321 110
552 259 601 312 DE
619 259 736 313 BELLO
757 259 867 313 ClVlLI

167 405 347 485 stempore
370 403 410 467 ad
431 401 621 487 Pompeium
643 407 838 467 vererentur.
885 401 1067 487 Scipionem
1092 424 1132 465 ea
1156 422 1225 464 esse

203 500 404 585 auctoritate,
432 504 469 564 ut
495 522 562 564 non
588 500 695 565 solum
721 501 831 584 libere,
859 521 941 584 quae
967 500 1151 583 probasset,
1175 519 1224 560 ex-

202 615 335 680 ponere,
362 595 418 659 sed
445 596 542 659 etiam
570 617 608 660 ex
635 617 753 682 magna
780 601 872 680 parte
905 597 1097 680 compellare
1127 599 1224 678 atque

204 696 363 756 errantem
389 714 500 778 regere
531 697 656 777 posset,
688 715 836 776 praeesse
867 697 976 757 autem
1003 715 1062 757 suo
1091 692 1223 756 nomine

203 789 372 875 exercitui,
402 794 440 853 ut
476 794 603 874 praeter
636 791 863 855 auctoritatem
898 792 983 855 vires
1016 811 1146 874 quoque
1185 789 1223 852 ad
1269 800 1282 857 'l

167 887 411 950 4coiircendum
432 887 574 952 haberet.
616 886 709 962 Quod
733 887 761 952 si
783 888 921 972 fecisset,
944 886 1223 971 quietemItaliae,
1280 897 1283 985 q

202 1005 312 1066 pacem
341 984 593 1070 provinciarum,
625 986 763 1049 salutem
794 985 921 1069 imperii
952 985 1009 1048 uni
1040 1005 1150 1048 omnes
1175 1005 1222 1046 ac·

168 1097 183 1143 5
203 1084 328 1164 septam
345 1081 513 1146 relaturos,
549 1080 637 1145 Haec
656 1082 696 1145 ad
714 1103 787 1146 eum
805 1082 956 1146 mandata
970 1078 1104 1146 Clodius
1119 1081 1222 1144 defert

203 1198 239 1242 ac
261 1178 373 1261 primis
401 1178 523 1263 diebus,
549 1182 587 1241 ut
614 1178 793 1264 videbatur,
820 1179 958 1243 libenter
986 1179 1126 1262 auditus,
1147 1178 1222 1241 reli-

203 1275 275 1357 quis
299 1275 339 1338 ad
362 1275 568 1359 conloquium
590 1296 658 1339 non
680 1276 864 1342 admittitur
886 1276 1045 1361 castigato
1070 1273 1222 1359 Scipione

203 1395 222 1434 a
243 1370 396 1457 Favonio,
419 1375 456 1435 ut
478 1376 592 1455 postea
615 1373 760 1438 confecto
784 1372 870 1437 bello
897 1373 1145 1457 reperiebamus,
1173 1373 1220 1436 in-

202 1468 348 1552 fectaque
370 1490 405 1533 re
429 1490 498 1533 sese
517 1470 557 1532 ad
580 1466 751 1533 Caesarem
772 1471 901 1553 recepit.

169 1581 182 1628 1
269 1565 384 1630 LVIII.
422 1563 538 1630 Caesar
557 1589 621 1650 quo
644 1565 771 1634 facilius
791 1568 972 1650 equitatum
987 1566 1219 1651 Pompeianum
1281 1620 1282 1623 ,

203 1665 243 1728 ad
269 1662 484 1748 Dyrrachium
511 1665 691 1729 contineret
719 1669 752 1728 et
783 1664 991 1748 pabulatione
1024 1665 1219 1750 prohiberet,

203 1762 310 1826 aditus
334 1762 424 1846 duos,
447 1783 529 1846 quos
549 1782 618 1825 esse
637 1765 793 1846 angustos
814 1761 1115 1849 demonstravimus,
1133 1784 1217 1847 mag·

202 1860 254 1923 nis
278 1859 429 1943 operibus
452 1858 669 1942 praemunivit
697 1858 891 1941 castellaque
918 1857 970 1921 his
997 1859 1077 1922 locis
1101 1861 1217 1943 posuit.

168 1956 374 2041 aPompeius
401 1957 459 2020 ubi
489 1956 573 2020 nihil
599 1955 713 2040 profici
740 1956 1080 2042 equitatu-cognovit,
1109 1958 1217 2042 paucis
1281 2014 1282 2017 ,

202 2053 396 2118 intermissis
419 2053 550 2142 ,diebus
573 2075 690 2133 rursus
719 2074 792 2117 eum
824 2053 961 2116 navibus
994 2054 1034 2117 ad
1066 2075 1102 2118 se
1133 2055 1217 2118 intra

168 2151 397 2213 emunitiones
425 2150 553 2234 recepit.
599 2150 681 2215 Erat
710 2172 834 2214 summa
863 2150 973 2233 inopia
996 2151 1118 2236 pabuli,
1140 2152 1216 2216 adeo

203 2250 240 2310 ut
272 2246 359 2310 foliis
387 2268 427 2310 ex
452 2248 624 2316 arboribus
654 2248 776 2311 strictis
799 2250 832 2311 et
858 2247 978 2333 teneris
1002 2247 1217 2312 harundinum

202 2344 362 2408 radicibus
385 2344 529 2407 contusis
554 2366 653 2427 equos
677 2344 813 2428 alerent3
835 2344 998 2408 frumenta
1020 2344 1115 2431 enim,
1138 2368 1217 2429 quae

168 2441 330 2505 aluerant
352 2441 438 2504 intra
467 2441 664 2505 munitiones
693 2445 772 2526 sata,
799 2445 1072 2524 consumpserant.
1116 2440 1216 2528 yCoge-

203 2540 322 2603 bantur
354 2560 375 2603 α
406 2536 546 2622 Corcyra
578 2543 674 2622 atque
705 2537 886 2602 Acarnania
917 2538 1016 2622 longo
1053 2540 1059 2552 '
1085 2541 1214 2605 teriecto

201 2636 418 2722 navigationis
443 2637 547 2720 spatio
571 2637 726 2719 pabulum
749 2639 949 2719 supportare,
976 2561 1127 2731 qupffiue
1149 2644 1215 2701 erat

202 2736 270 2799 eius
294 2733 341 2797 rei
362 2733 468 2797 minor
491 2733 591 2818 copia,
608 2733 729 2797 hordeo
749 2732 906 2816 adaugere
930 2736 1027 2816 atque
1044 2733 1097 2797 his
1120 2736 1214 2799 ratio-

168 2833 299 2896 5m'bus
319 2819 508 2915 'equitatum
536 2828 682 2894 tolerare.
729 2827 791 2894 Sed
818 2833 992 2913 postquam
1023 2851 1091 2894 non
1121 2832 1213 2895 modo

202 2930 358 2993 hordeum
372 2927 589 3012 pabulumque
604 2927 753 2990 omnibus
766 2926 846 2989 locis
860 2926 1042 3009 herbaeque
1064 2927 1223 3024 desectae,q

203 3027 259 3091 sed
277 3027 374 3091 etiam
391 3027 539 3092 frons-ex
558 3025 728 3088 arboribus
748 3024 928 3110 deficiebat,
946 3026 1108 3107 corruptis
1126 3028 1212 3110 equis

202 3122 302 3188 macie
330 3121 508 3186 conandum
536 3120 600 3184 sibi
627 3121 749 3204 aliquid
775 3119 947 3205 Pompeius
977 3121 1016 3184 dc
1048 3124 1212 3207 eruptione

203 3218 408 3284 existimavit.
1203 3229 1227 3311 ql

169 3327 182 3372 1
268 3313 400 3378 LVIHI.
437 3313 541 3377 Erant
564 3316 648 3397 apud
666 3312 834 3378 Caesarem
856 3316 891 3393 ip
914 3317 1060 3399 equitum
1082 3338 1210 3381 numero

202 3412 396 3494 Allobroges
419 3429 445 3473 11
468 3411 593 3495 fratres,
610 3409 778 3488 Roucillus
801 3416 833 3475 et
847 3412 949 3497 Egus,
962 3412 1130 3477 'Adbucilli
1147 3414 1211 3498 filii,

204 3507 259 3587 qui
291 3507 508 3589 principatum
534 3508 569 3569 in
595 3506 725 3582 civitate
757 3509 868 3572 multis
896 3510 988 3572 annis
1023 3511 1211 3595 obtinuerat,

203 3599 359 3681 singulari
382 3602 503 3665 virtute
524 3602 681 3686 homines
704 3626 841 3686 quorum
865 3627 961 3689 opera
975 3604 1093 3671 Caesar
1116 3608 1210 3672 omni·
