2584 4075
360 259 472 316 coum.
492 262 513 315 1.
551 261 627 317 cnr.
646 263 851 317 LXVI-LXX.
1023 233 1029 243 ⁶
1071 263 1113 326 39

95 407 193 491 rupta
216 404 280 468 iter
303 405 528 490 impediebant,
550 409 588 469 ut
612 429 700 469 arma
718 429 775 490 per
797 430 911 472 manus
935 409 1114 473 necessario

96 502 302 590 traderentur
315 502 498 587 militesque
512 493 649 567 inermes
669 505 891 588 sublevatique
910 505 965 569 ah'i
984 505 1023 569 ab
1041 506 1113 569 aliis

96 619 249 683 magnam
266 602 393 682 partem
410 599 535 663 itineris
554 600 755 665 conficerent.
792 600 854 665 Sed
866 601 952 665 hune
971 602 1114 665 laborem
1133 611 1149 658 3

96 695 268 759 recusabat
285 716 389 780 nemo,
408 695 495 779 quod
511 717 585 760 eum
605 698 747 762 omnium
765 699 913 763 laborum
930 699 1028 762 finem
1045 698 1114 762 fore

96 791 338 876 existimabant,
347 788 385 855 'si
401 792 531 857 hostem
543 792 666 858 Hibero
681 794 892 860 intercludere
906 799 939 859 et
952 795 1114 859 frumento

95 888 272 972 prohibere
294 889 486 972 potuissent.

163 976 329 1049 LXVIHI,
365 984 413 1050 Ac
431 986 535 1070 primo
549 985 719 1053 Afraniani
738 990 858 1054 milites
876 991 1000 1056 visendi
1018 1014 1114 1056 causa
1134 1000 1148 1046 1

95 1083 174 1146 laeti
199 1104 239 1145 ex
262 1083 377 1146 castris
399 1085 630 1167 procurrebant
655 1088 957 1172 contumeliosisque
980 1090 1113 1154 uocibus

95 1180 377 1264 prosequebantur
390 1184 534 1274 nostros:
546 1183 723 1258 ‚necessarii
741 1183 846 1247 victus
860 1185 970 1268 inopia
986 1189 1113 1270 coactos

96 1278 210 1362 fugere
244 1281 340 1361 atque
367 1277 406 1341 ad
439 1269 578 1343 llerdam
608 1280 748 1345 revertis
780 1279 862 1344 Erat
890 1280 975 1345 enim
1001 1282 1064 1344 iter
1095 1304 1114 1343 a

96 1375 268 1459 proposito
292 1375 461 1460 diuersum,
484 1378 741 1461 contrariamque
763 1377 799 1440 in
821 1381 945 1459 partem
967 1378 1008 1441 iri
1030 1378 1114 1441 vide·

96 1473 203 1536 batur.
250 1469 355 1535 Duces
387 1479 470 1536 vero.
496 1495 606 1538 eorum
638 1475 808 1539 consilium
840 1496 934 1538 suum
964 1475 1149 1539 laudibus?

96 1569 256 1653 ferebant,
275 1569 360 1652 quod
381 1591 415 1633 se
437 1570 551 1633 castris
570 1573 763 1655 tenuissent3
781 1571 982 1655 multumque
1005 1595 1115 1637 eorum

99 1665 285 1750 opinionem
314 1665 499 1751 adiuvabat,
527 1668 612 1749 quod
641 1668 710 1731 sine
736 1668 888 1731 iumentis
911 1668 1115 1751 impedimen-

98 1764 207 1847 tisque
223 1761 263 1825 ab
273 1760 378 1825 Ilerda
392 1763 552 1845 profectos
568 1765 730 1849 videbant,
741 1761 781 1825 'ut
794 1784 861 1827 non
869 1785 964 1847 posse
972 1765 1114 1848 inopiam

98 1859 223 1924 diutius
247 1858 405 1923 sustinere
428 1860 632 1925 confiderent.
679 1858 741 1925 Sed
763 1858 820 1922 ubi
838 1860 994 1944 paulatim
1015 1864 1115 1924 retor-
1133 1872 1149 1918 3

100 1957 192 2043 queri
222 1976 338 2041 agmen
360 1957 400 2019 ad
422 1957 567 2021 dextram
589 1961 823 2042 conspexerunt
843 1957 970 2042 iamque
992 1958 1114 2042 primos

101 2076 253 2140 superare
284 2054 447 2138 regionem
479 2058 659 2119 castrorum
692 2055 993 2140 animadverterunt,
1021 2077 1114 2120 nemo
1145 2078 1147 2081 ’

101 2156 168 2217 erat
192 2151 271 2216 adeo
293 2149 410 2214 tardus*
429 2155 485 2215 aut
511 2152 639 2235 fugiens
663 2153 793 2238 laboris,
820 2153 899 2237 quin
928 2153 1039 2216 statim
1067 2175 1115 2217 ca-

101 2250 178 2331 stris
212 2248 390 2312 exeundum
423 2253 519 2333 atque
548 2251 776 2314 occurrendum
802 2253 939 2334 putaret.
986 2248 1150 2314 Gouola-5

99 2350 208 2411 matur
232 2344 272 2407 ad
299 2367 396 2430 arma,
419 2345 515 2428 atque
543 2365 652 2409 omnes
681 2347 791 2430 copiae
818 2347 928 2430 paucis
955 2346 1115 2430 praesidio

100 2442 222 2508 relictis
246 2441 433 2506 cohortibus
458 2445 574 2505 exeunt
593 2445 744 2527 rectoque
767 2443 807 2507 ad
820 2443 979 2507 Hiberum
1000 2443 1116 2508 itinere

101 2539 308 2606 contendunt.

167 2635 265 2701 LXX.
302 2636 385 2700 Erat
411 2638 446 2700 in
473 2637 634 2700 celeritate
659 2658 751 2701 omne
781 2637 924 2721 positum
947 2640 1150 2721 certamen,1

101 2737 169 2800 utri
190 2734 282 2818 prius
306 2734 472 2817 angustias
496 2738 686 2818 montesque
703 2737 918 2818 ¹occuparent3
947 2734 1002 2796 sed
1032 2755 1118 2797 exer·
1175 2726 1177 2731 ’

101 2833 203 2897 citum
226 2829 371 2895 Caesaris
394 2818 520 2895 riarum
547 2831 752 2895 difficultates
780 2830 961 2914 tardabant,
990 2829 1117 2894 Afranii

101 2929 212 3014 copias
240 2929 403 3013 equitatus
431 2927 576 2992 Caesaris
608 2928 780 3011 insequens
812 2926 1006 2991 morabatur.
1052 2925 1152 2991 Resa

102 3032 211 3090 tamen
234 3026 275 3089 ab
302 3024 488 3089 Afranianis
515 3024 579 3089 huc
608 3029 677 3088 erat
699 3025 878 3088 necessario
906 3024 1049 3107 deducta,
1072 3027 1119 3108 ut,
1226 3036 1228 3040 ‘

103 3124 131 3187 si
154 3120 278 3206 priores
301 3126 438 3208 montes,
458 3143 538 3205 quos
559 3121 721 3206 petebant,
740 3121 935 3205 attigissent,
952 3119 1016 3203 ipsi
1037 3120 1118 3202 peri·

103 3220 214 3284 culum
235 3219 386 3304 vitarent,
408 3219 635 3302 impedimenta
653 3220 755 3283 totius
779 3217 936 3281 exercitus
960 3215 1119 3280 cohortes-

104 3339 166 3400 que
202 3316 238 3379 in
269 3316 383 3379 castris
415 3316 542 3380 relictas
575 3337 701 3379 servare
732 3336 799 3378 non
825 3317 971 3398 possent3
1002 3314 1118 3396 quibus

105 3413 290 3477 interclusis
310 3412 451 3501 exercitu
466 3410 610 3475 Caesaris
631 3412 785 3476 auxilium
798 3411 875 3475 ferri
892 3410 982 3473 nulla
995 3410 1119 3474 ratione

105 3513 242 3592 poterat.
291 3500 436 3587 Cohfecit
463 3509 552 3592 prior
575 3509 637 3572 iter
661 3507 778 3572 Caesar
806 3512 907 3591 atque
926 3528 964 3569 ex
993 3508 1118 3590 magnis
1139 3530 1154 3575 3

105 3606 241 3690 rupibus
264 3608 378 3669 nactus
401 3606 567 3690 planitiem
589 3606 624 3669 in
645 3605 706 3669 hac
729 3609 840 3668 contra
866 3603 994 3667 hostem
1022 3604 1121 3668 aciem
