2584 4075
178 264 221 328 56
528 263 576 316 ΒΕ
596 261 713 318 BELLO
734 263 843 317 CIVILI
958 285 960 289 ·

177 406 273 475 Coria
296 413 404 473 autem
429 430 470 474 ne
497 430 609 472 rursus
639 408 710 492 igni
738 430 775 471 ao
801 408 963 491 lapidibus
992 429 1195 492 corrumpan-

142 523 157 571 ι
176 510 240 591 tur,
263 506 451 571 centonibus
475 508 700 589 conteguntur.
748 503 820 569 Hoc
850 526 931 588 opus
954 526 1048 569 omne
1075 508 1195 569 tectum

176 602 278 668 vineis
301 604 341 667 ad
367 604 472 687 ipsam
498 603 616 666 turrim
638 601 815 685 perficiunt
834 602 1007 686 subitoque
1030 602 1195 686 inopinan-
1284 588 1289 607 ¹

176 701 265 765 tibus
295 701 445 767 hostibus
479 699 731 786 [machinatione
763 700 886 785 navali]
919 701 1090 785 phalangis
1127 699 1195 764 sub·
1290 697 1291 706 ³

177 798 268 861 ieetis
283 797 322 861 ad
335 797 453 861 turrim
465 796 610 861 hostium
630 795 810 884 admovent,
824 802 861 861 ut
876 798 1019 862 aedificio
1033 798 1194 882 iungatur.

143 914 158 959 ι
244 893 298 958 XI.
335 893 405 969 Quo
424 895 509 959 malo
524 894 689 978 perterriti
705 893 814 957 subito
830 895 983 977 oppidani
998 916 1086 980 saxa,
1103 916 1194 979 quam

177 991 316 1056 maxima
343 994 505 1076 possunt,
522 1013 542 1053 ιι
562 990 670 1054 ctibus
701 995 891 1074 promovent
923 991 1195 1074 praecipitataque

178 1090 215 1154 dc
231 1110 323 1153 muro
342 1088 378 1152 in
394 1088 576 1152 musculum
594 1088 779 1152 devolvunt.
816 1087 922 1152 Ictum
940 1089 1079 1152 firmitas
1102 1092 1194 1153 mate-

124 1172 129 1179 ’
177 1186 244 1249 riae
277 1185 428 1271 sustinet,
465 1188 497 1248 et
535 1184 693 1268 quidquid
729 1185 856 1271 incidit,
891 1185 1024 1270 fastigio
1061 1187 1195 1250 musculi

146 1301 161 1348 2
183 1283 350 1347 delabitur.
387 1282 424 1346 Id
438 1281 496 1346 ubi
508 1281 769 1368 vident,'mutant
783 1283 969 1367 consilium3
988 1305 1088 1367 cupas
1107 1285 1195 1349 taeda

181 1403 217 1444 ac
239 1380 307 1463 pico
330 1380 464 1444 refertas
488 1378 662 1442 incendunt
685 1400 802 1461 easque
831 1378 870 1441 de
898 1401 992 1443 muro
1015 1380 1051 1443 in
1074 1403 1195 1445 muscu-

179 1477 247 1541 lum
269 1476 449 1540 devolvunt.
494 1474 663 1540 Involutae
685 1475 850 1561 labuntur,
880 1476 1028 1560 delapsae
1057 1478 1099 1541 ab
1124 1481 1195 1542 late

144 1590 160 1636 3
179 1574 269 1638 ribus
288 1573 445 1658 longuriis
463 1572 627 1656 furcisque
646 1573 687 1636 ab
707 1594 803 1655 opere
815 1577 1029 1638 removentur.
1062 1574 1197 1640 interim

180 1672 240 1737 sub
258 1671 403 1735 musculo
418 1670 537 1734 milites
552 1669 698 1733 vectibus
713 1670 824 1732 infima
839 1691 915 1733 saxa
928 1670 1029 1737 turris
1044 1671 1198 1758 hostium,

180 1768 297 1852 quibus
319 1767 526 1830 fundamenta
548 1766 807 1852 continebantur,
832 1767 1024 1832 convellunt.
1072 1768 1198 1833 Muscu·

179 1865 231 1929 lus
250 1887 289 1929 ex
307 1864 391 1928 turri
408 1863 552 1927 latericia
571 1886 589 1926 a
606 1864 729 1927 nostris
748 1863 822 1927 telis
841 1863 1078 1948 tormentisque
1096 1866 1198 1930 defen·

180 1962 228 2025 dit
214 1966 280 2047 t3ur
302 1961 378 2025 host
365 1965 413 2024 tes
442 1982 481 2023 ex
508 1982 600 2024 muro
631 1965 704 2024 act
690 1960 835 2025 turribus
860 1961 1108 2049 submoventur,
1133 1986 1200 2028 non

144 2059 234 2122 edat
221 2063 275 2123 tur
305 2060 407 2123 libera
438 2059 522 2122 muri
555 2058 743 2123 defendendi
775 2059 920 2123 facultas.
968 2057 1198 2143 Compluribus

179 2156 244 2219 iarn
274 2124 436 2264 lapidibus
469 2176 508 2217 ex
534 2155 605 2240 illa,
632 2177 714 2239 quae
743 2156 887 2242 suberat
913 2157 998 2220 turri
1030 2159 1180 2224 subduct
1155 2164 1199 2224 trs

178 2256 289 2335 repent
291 2251 344 2315 ina
366 2251 459 2315 ruina
483 2274 557 2335 pars
581 2252 650 2315 eius
673 2254 773 2317 turris
800 2254 948 2338 concidit,
970 2276 1046 2337 pars
1074 2257 1200 2340 reliqua

179 2370 373 2432 consequens
397 2349 639 2434 procumbebat,
664 2371 738 2414 oum
758 2350 834 2415 host
821 2355 869 2414 tes
897 2307 988 2414 urbis
1018 2351 1200 2436 direptione

178 2445 341 2531 perterriti
363 2445 500 2510 inermes
524 2468 596 2510 cum
620 2446 734 2538 infulis
759 2469 792 2511 se
815 2452 909 2531 porta
940 2448 1027 2512 foras
1056 2452 1200 2515 universi

178 2543 370 2629 proripiunt,
389 2544 571 2629 adlegatos
592 2547 690 2627 atque
710 2546 885 2609 exercitum
904 2545 1064 2630 supplices
1083 2569 1199 2612 manus

178 2644 322 2706 tendunt.

36 2831 39 2836 4
143 2765 158 2809 1
243 2739 315 2805 ΧΠ.
352 2739 420 2816 Qua
442 2763 527 2806 nova
551 2763 586 2806 re
608 2740 719 2805 oblata
738 2738 841 2802 omnis
862 2738 1200 2805 adnnnistratio'belli

178 2838 325 2902 consistit
356 2838 539 2920 militesque
574 2838 681 2901 aversi
708 2860 727 2901 a
753 2837 875 2921 proelio
904 2837 944 2899 ad
970 2838 1117 2902 studium
1148 2861 1200 2902 au-

143 2933 283 3001 adiendi
306 2937 337 2995 et
361 2934 576 3017 cognoscendi
600 2935 755 2999 feruntur.
792 2930 858 2997 Ubi
875 2932 987 2997 hostes
1011 2933 1200 3018 adlegatos

179 3031 415 3112 exercitumque
442 3034 666 3115 pervenerunt,
695 3030 837 3094 universi
865 3052 898 3093 se
926 3030 966 3093 ad
995 3029 1092 3113 pedes
1115 3031 1200 3115 proi-

142 3149 158 3195 3
177 3129 279 3211 ciunt,
298 3128 400 3210 orant,
418 3129 459 3189 ut
478 3126 636 3190 adventus
653 3124 799 3191 Caesaris
819 3126 1028 3210 exspectetur.
1062 3125 1201 3211 Captam

177 3246 268 3289 suam
290 3221 403 3286 urbem
426 3221 546 3306 videre,
569 3242 670 3305 opera
693 3223 847 3310 perfecta,
877 3223 993 3287 turrim
1017 3224 1201 3310 subrutam3

176 3323 285 3404 itaque
309 3318 349 3382 ab
373 3318 556 3382 defensione
579 3318 745 3383 desistere.
782 3318 918 3384 Nullam
936 3321 1055 3385 exoriri
1074 3343 1202 3387 moram

176 3438 279 3502 posse,
297 3415 469 3499 quominus
488 3436 560 3479 cum
585 3416 737 3502 venisset,
752 3416 780 3481 si
803 3417 960 3501 imperata
978 3438 1043 3481 non
1058 3418 1202 3483 facerent

142 3531 160 3576 4
179 3511 219 3572 ad
240 3514 365 3591 nutum,
384 3531 400 3571 e
423 3511 562 3593 vestigio
586 3512 811 3594 diriperentur.
857 3512 991 3598 Docent,
1014 3515 1043 3577 si
1068 3517 1201 3584 omnino

178 3603 278 3667 turris
311 3603 520 3687 concidisset,
551 3626 617 3667 non
648 3627 743 3687 posse
770 3608 890 3671 milites
919 3610 1091 3697 contineri,
1123 3614 1201 3696 quin
