2584 4075
344 242 457 299 donn.
476 244 524 301 ΠΙ.
562 245 638 301 oAP.
659 246 824 302 LVH-LX.
1030 248 1092 311 111

60 386 135 450 bus
154 385 292 470 Gallicis
308 388 402 452 bellis
421 390 543 473 optima
565 390 807 475 fortissimaque
826 395 894 455 erat
912 413 999 455 usus.
1031 390 1093 455 His
1112 407 1127 453 a

61 483 165 548 domi
194 485 236 549 ob
264 485 322 549 has
350 507 461 550 causas
490 487 706 570 amplissimos
734 487 944 572 magistratus
967 489 1094 551 manda-

60 586 169 646 verat
198 587 295 667 atque
327 606 381 648 eos
410 588 500 648 extra
528 583 673 649 ordinem
699 583 735 647 in
766 587 913 648 senatum
941 585 1093 670 legendos

62 683 247 743 curaverat
270 701 429 765 agrosque
450 682 486 745 in
505 679 610 746 Gallia
632 701 671 743 ex
693 680 843 746 hostibus
867 685 979 765 captos
1006 703 1094 765 prae-

61 777 207 860 miaque
230 776 278 841 rei
299 777 500 861 pecuniariae
521 798 639 862 magna
668 777 828 842 tribuerat
854 777 1094 862 locupletesque

63 895 110 936 ex
138 874 311 958 egentibus
334 875 460 941 fecerat.
506 874 550 941 Hi
573 878 707 958 propter
725 875 880 940 virtutem
901 897 969 939 non
989 875 1128 939 1111113

64 971 164 1055 apud
188 969 358 1036 Caesarem
379 973 415 1037 in
437 973 559 1038 honore
582 975 684 1056 erant,
707 972 762 1035 sed
785 972 883 1035 etiam
901 973 987 1056 apud
1009 994 1095 1039 1111·

64 1069 180 1133 citum
203 1069 270 1132 cari
290 1069 506 1155 habebantur3
535 1070 590 1134 sed
617 1068 694 1132 freti
721 1068 862 1133 amicitia
890 1066 1036 1133 Caesaris
1062 1071 1095 1131 et

66 1165 182 1231 stulta
214 1186 252 1228 ac
282 1165 419 1231 barbara
446 1166 631 1251 arrogantia
639 1165 736 1229 ..elati
768 1166 986 1250 despiciebant
1018 1187 1094 1230 suos

67 1263 341 1347 stipendiumque
363 1264 510 1347 equitum
530 1262 724 1326 fraudabant
742 1266 775 1327 et
795 1263 945 1347 praedam
969 1284 1094 1327 omnem

68 1360 212 1426 domum
235 1359 430 1423 avertebant.
467 1358 591 1435 Quibus
609 1360 659 1423 illi
677 1359 773 1424 rebus
792 1362 931 1444 permoti
953 1360 1095 1425 universi
1114 1373 1131 1419 4

68 1456 249 1522 Gaesarem
277 1456 423 1521 adierunt
451 1457 620 1542 palamque
653 1457 691 1520 de
719 1478 830 1522 eorum
860 1457 987 1522 iniuriis
1019 1462 1095 1522 sunt

69 1554 188 1639 questi
212 1558 245 1617 et
268 1554 309 1618 ad
330 1558 436 1618 cetera
459 1554 649 1618 addiderunt
671 1554 789 1618 falsum
811 1555 851 1619 ab
874 1555 926 1619 his
950 1556 1095 1639 e'quitum

68 1673 249 1716 numerum
273 1651 397 1735 deferri,
420 1673 558 1735 quorum
581 1650 777 1734 stipendium
800 1655 988 1716 averterent.

146 1749 213 1813 LX.
251 1745 369 1812 Caesar
399 1769 503 1832 neque
535 1752 663 1830 tempus
694 1747 775 1812 illud
809 1748 1128 1813 animadversionisl

71 1870 150 1914 esse
173 1846 363 1911 existimans
387 1849 420 1909 et
440 1846 544 1909 multa
566 1844 682 1908 virtuti
701 1864 812 1908 eorum
830 1845 1004 1908 concedens
1027 1866 1095 1908 1111

71 1951 185 2011 totam
208 1943 349 2027 distulit3
371 1942 446 2006 illos
477 1946 598 2006 secreto
625 1940 805 2025 castigavit,
830 1942 917 2026 quod
947 1941 1096 2025 quaestui

73 2044 208 2130 equites
229 2040 396 2126 haberent,
418 2042 617 2152 monuitquq
635 2044 673 2104 ut
691 2061 730 2103 ex
749 2062 807 2103 sua
825 2040 966 2114 amicitia
989 2040 1095 2104 omnia

74 2142 304 2224 exspectarent
327 2142 360 2201 et
382 2160 421 2202 11
443 2138 626 2221 praeteritis
650 2137 717 2201 suis
741 2137 855 2202 officiis
881 2138 1004 2222 reliqua
1027 2158 1096 2220 spe·

74 2240 197 2302 111111.
248 2233 400 2319 Magnam
435 2238 543 2299 tamen
580 2234 659 2298 haec
690 2255 741 2298 res
782 2234 847 2318 illis
887 2234 1129 2300 offensionema

75 2340 110 2400 et
143 2333 417 2415 contemptionem
448 2332 488 2396 ad
520 2353 629 2396 omnes
662 2331 787 2416 attulit,
818 2332 915 2415 idque
946 2333 994 2397 ita
1026 2354 1096 2398 esse

75 2455 153 2497 cum
181 2452 221 2494 ex
248 2430 386 2493 aliorum
415 2428 684 2494 obiectationibus
711 2433 782 2494 tum
805 2430 902 2493 etiam
930 2452 968 2494 ex
992 2431 1097 2496 dome·

77 2530 162 2594 stioo
200 2527 319 2592 iudicio
356 2530 453 2610 atque
489 2526 587 2589 animi
624 2526 819 2590 conscientia
854 2526 1094 2612 intellegebant.

78 2626 150 2703 Quo
174 2625 297 2709 pudore
321 2624 448 2688 adducti
472 2627 504 2687 et
526 2623 665 2687 fortasse
686 2643 754 2687 non
772 2645 806 2687 se
823 2624 964 2708 liberari,
987 2625 1043 2688 sed
1061 2625 1096 2688 in
1114 2637 1130 2682 3

78 2724 169 2789 aliud
201 2725 329 2805 tempus
361 2720 518 2786 reservari
549 2718 699 2783 arbitrati
731 2720 891 2784 discedere
923 2719 963 2804 ab
999 2719 1095 2785 nobis

80 2825 113 2885 et
135 2840 254 2884 novam
272 2821 430 2901 temptare
443 2816 620 2881 Fortunam
641 2837 805 2901 novasque
824 2816 981 2881 amicitias
1005 2838 1096 2901 expe-

79 2919 139 2982 riri
161 2915 408 2980 constituerunt.
445 2914 491 2978 Et
514 2935 585 2977 cum
607 2913 717 2995 paucis
741 2915 901 2979 conlocuti
924 2914 1094 2978 clientibus
1114 2926 1131 2972 4

81 3016 160 3099 suis,
182 3011 301 3096 quibus
324 3015 452 3075 tantum
473 3009 596 3073 facinus
619 3011 819 3075 committere
842 3010 1011 3095 audebant,
1033 3012 1095 3094 pri-

80 3134 171 3176 mum
198 3109 306 3174 conati
334 3111 410 3171 sunt
436 3108 632 3190 praefectum
660 3108 805 3191 equitum
833 3104 867 3171 Ο.
895 3105 1096 3171 Volusenum

79 3206 271 3289 interficere,
297 3208 334 3268 11
360 3208 473 3287 postea
501 3203 586 3267 bello
609 3204 754 3269 confecto
782 3204 948 3288 cognitum
977 3207 1035 3288 est,
1058 3209 1095 3267 ut

79 3328 154 3372 oum
176 3323 308 3366 munere
336 3301 443 3384 aliquo
471 3301 651 3385 perfugisse
679 3303 719 3365 ad
740 3300 929 3383 Pompeium
954 3301 1096 3364 videren-

78 3407 147 3487 tur3
171 3402 345 3484 postquam
372 3397 405 3460 id
433 3396 594 3482 difficiliqs
622 3398 728 3464 visum
755 3402 804 3462 est
832 3419 936 3482 neque
958 3397 1129 3462 facultasa

79 3495 267 3584 perficiendi
290 3494 435 3578 dabatur,
457 3515 552 3577 quam
572 3494 727 3559 maximas
745 3497 921 3576 potuerunt
943 3494 1094 3577 pecunias

78 3593 236 3675 mutuati,
267 3591 400 3674 proinde
432 3612 468 3655 aa
498 3593 528 3654 si
560 3592 626 3657 suis
661 3590 843 3654 satisfacere
880 3594 912 3654 et
946 3591 1095 3657 fraudata
1162 3600 1164 3604 ’
