2584 4075
363 260 474 316 chM.
493 262 527 315 Π.
565 262 642 316 ΟΑΡ.
661 263 823 316 llll—VIII.
1047 262 1101 325 ·53

80 405 222 471 navibus
247 411 280 470 et
303 408 439 472 artificio
462 406 717 491 gubernatorum
731 411 763 471 et
780 407 956 472 mobilitati
972 408 1104 472 navium

81 504 173 567 locus
207 503 360 590 dabatur,
393 510 424 569 et
457 505 485 568 si
513 504 639 586 qnando
666 505 773 569 nostri
798 505 985 569 facultatem
1016 505 1104 569 nacti

81 601 196 664 ferreis
223 599 377 676 manibus
404 599 531 664 iniectis
561 622 676 665 navem
707 601 935 688 religaverunt,
963 601 1103 685 undique

83 699 151 762 suis
175 697 404 762 laborantibus
428 697 663 762 succurrebant.
705 696 819 782 Neque
841 719 917 762 vero
941 698 1137 763 coniunctis

82 795 194 860 Albici
222 796 401 860 comminus
430 793 602 880 pugnando
629 794 819 859 deficiebant
838 817 942 879 neque
965 796 1104 859 multum

49 922 53 928 >
84 893 243 957 cedebant
266 892 388 955 virtute
410 893 540 956 nostris.
578 887 682 955 Simul
704 914 743 956 ex
765 893 944 957 minoribus
966 893 1103 957 navibus

83 1011 204 1075 magna
236 989 287 1053 vis
320 989 444 1053 eminus
475 989 575 1052 missa
606 988 745 1053 telorum
775 989 879 1053 multa
907 990 1029 1054 nostris
1065 990 1103 1053 de

48 1113 53 1118 ·
83 1087 264 1169 improviso
293 1077 550 1169 imprudentibus
579 1088 676 1168 atque
705 1086 867 1169 impeditis
894 1088 1027 1151 vulnera
1058 1087 1103 1150 in·

31 1193 37 1200 '
83 1184 219 1247 ferebat.
267 1181 541 1265 Conspicataeque
572 1203 670 1247 naves
702 1183 848 1264 triremes
881 1184 961 1247 duae
990 1202 1139 1248 navem4

84 1280 124 1345 D.
147 1280 257 1366 Bruti,
281 1301 363 1363 quae
385 1302 423 1344 61
446 1279 567 1363 insigni
594 1279 689 1343 facile
712 1282 843 1365 agnosci
865 1285 1002 1367 poterat,
1031 1282 1104 1344 dua·
1145 1335 1146 1338 ,

84 1379 146 1446 bus
168 1400 208 1441 61
227 1377 387 1461 partibus·
400 1397 469 1440 sese
487 1377 522 1440 in
544 1398 615 1440 eam
636 1377 861 1442 incitaverunt.
899 1376 961 1443 Sed
978 1384 1105 1442 tantum
1179 1413 1235 1492 nn,

84 1498 120 1539 re
139 1475 273 1558 provisa
295 1473 416 1538 Brutus
440 1473 604 1538 celeritate
625 1475 718 1539 navis
785 1476 870 1564 ‘sum
950 1480 988 1539 ut
1005 1499 1104 1560 parvo
1209 1465 1213 1474 ¹

1 1562 2 1581 ¹
85 1575 252 1637 momento
278 1571 484 1635 antecederet.
525 1570 605 1634 lllae
628 1571 705 1635 adeo
729 1573 871 1656 graviter
893 1572 977 1635 inter
1001 1595 1035 1636 se
1057 1573 1103 1635 in·
1122 1590 1138 1634 a

86 1672 207 1735 citatae
226 1666 449 1753 conflixerunt,
467 1671 504 1731 ut
522 1666 800 1732 vehementissime
818 1673 955 1751 utraque
976 1690 1014 1731 61
1033 1691 1104 1733 oon·
1143 1721 1150 1766 ,

86 1790 185 1833 cursu
208 1766 381 1848 laboraret,
400 1765 501 1828 altera
519 1786 594 1829 vero
612 1766 792 1858 praefracto
811 1770 918 1830 rostro
941 1769 1012 1829 tota
1033 1787 1103 1828 con·
1139 1769 1162 1802 '*⁴

87 1865 264 1930 labefieret.
302 1861 372 1937 Qua
394 1884 429 1926 re
452 1861 680 1946 animadversa,
699 1884 780 1945 quae
803 1862 966 1945 proximae
985 1860 1015 1924 ei
1031 1861 1138 1925 locos

88 1986 127 2028 61
149 1961 248 2025 Bruti
271 1960 372 2023 classe
393 1980 490 2023 naves
510 1963 610 2045 erant,
631 1960 666 2021 in
685 1981 738 2023 eas
756 1959 926 2044 impeditas
949 1960 1104 2044 impetum

88 2062 213 2126 faciunt
231 2059 445 2146 ,celeriterque
468 2058 577 2121 ambas
602 2056 793 2141 deprimunt.

155 2154 229 2221 VH.
268 2152 330 2218 Sed
348 2151 543 2217 Nasidianae
564 2175 663 2219 naves
680 2156 763 2219 nulli
785 2157 859 2220 usui
877 2158 1009 2221 fuerunt
1027 2158 1104 2223 cele·
1124 2177 1137 2222 1

90 2258 236 2339 riterque
268 2272 376 2336 pugna
409 2255 625 2336 excesserunt3
655 2273 722 2316 non
749 2253 834 2316 enim
860 2252 919 2316 has
948 2257 1004 2317 aut
1034 2275 1106 2317 con·

89 2357 219 2437 spectus
248 2349 371 2433 patriae
394 2352 451 2412 aut
474 2350 727 2432 propinquorum
749 2354 919 2433 praecepta
942 2351 982 2414 ad
1004 2356 1105 2415 61116-

88 2473 179 2515 mum
209 2448 296 2512 vitae
324 2446 502 2529 perieulum
529 2446 615 2509 adire
642 2448 807 2531 cogebant.
852 2447 967 2531 Itaque
996 2469 1034 2511 61
1067 2467 1138 2513 eoa

88 2567 224 2610 numero
246 2544 378 2608 navium
400 2543 491 2607 nulla
513 2543 691 2608 desiderata
714 2547 777 2628 est,
800 2565 838 2607 61
854 2544 1106 2608 Massiliensium

90 2646 192 2708 classe
220 2661 244 2706 v
268 2645 344 2705 sunt
368 2641 549 2725 depressae,
575 2658 613 2703 1v
640 2645 761 2725 captae,
782 2661 846 2703 una
869 2662 942 2704 cum
961 2637 1106 2702 Nasidia-

88 2743 141 2807 nis
166 2739 326 2824 profugit,
354 2760 435 2822 quae
467 2758 575 2801 omnes
604 2738 784 2802 citeriorem
810 2735 1002 2821 Hispaniam
1029 2736 1107 2818 peti·

90 2842 215 2901 verunt.
252 2834 299 2899 At
322 2857 360 2899 ex
383 2835 518 2919 reliquis
541 2857 605 2898 una
622 2834 798 2918 praemissa
813 2833 992 2897 Massiliam
1009 2832 1141 2898 huiusa

90 2934 200 2999 nuntii
222 2932 402 3016 perferendi
425 2932 531 3016 gratia
554 2952 626 2994 cum
648 2931 714 2994 iam
737 2930 1007 3014 adpropinquaret
1025 2928 1108 3013 urbi,

92 3031 198 3095 omnis
222 3051 292 3094 sese
318 3029 493 3093 multitudo
522 3027 561 3091 ad
589 3028 843 3110 cognoscendum
871 3026 992 3112 effudit,
1019 3029 1051 3089 et
1073 3047 1107 3088 re

91 3128 223 3212 cognita
255 3129 366 3189 tantus
395 3126 505 3208 luctus
537 3125 676 3211 excepit,
707 3129 745 3189 ut
775 3125 854 3188 urbs
886 3124 926 3187 ab
957 3122 1108 3188 hostibus

91 3229 187 3308 capta
219 3223 330 3287 eodem
361 3221 499 3306 vestigio
532 3221 700 3287 videretur.
751 3219 969 3284 Massilienses
1000 3222 1144 3284 tament

90 3321 196 3385 nihilo
234 3319 334 3383 setius
362 3318 402 3382 ad
430 3318 645 3382 defensionem
677 3317 767 3382 urbis
799 3317 924 3398 reliqua
955 3337 1108 3398 apparare

92 3420 275 3501 coeperunt

160 3512 249 3579 VIII.
279 3511 342 3576 Est
361 3511 616 3577 animadversum
629 3513 670 3576 ab
684 3510 881 3596 legionariis,
894 3509 950 3593 qui
964 3509 1108 3572 dextram
1128 3529 1147 3576 1

93 3615 220 3695 partem
243 3608 349 3691 operis
368 3608 646 3692 administrabant,
665 3629 704 3670 61
723 3608 843 3670 crebris
861 3607 1005 3670 hostium
1019 3626 1110 3688 erup-
