2584 4075
178 342 183 351 ,
227 282 338 338 COMM.
358 284 406 337 ΙΙΙ.
443 284 520 338 CAP.
539 285 955 338 LXXXXHH-LXXXXVIH.
1033 284 1096 346 133

70 432 194 491 nactus
214 427 364 490 detractis
383 428 566 513 insignibus
581 429 797 511 imperatoriis
816 429 989 492 decumana
1003 433 1097 511 porta

74 546 114 587 se
143 546 183 587 ex
209 525 324 588 castris
352 526 444 589 eiecit
471 525 685 609 protinusque
713 546 795 608 equo
824 526 923 589 citato
952 524 1097 588 Larisam

74 621 254 684 contendit.
299 619 412 703 Neque
444 621 490 685 ibi
523 623 685 708 constitit,
717 623 772 685 sed
800 623 909 688 eadem
935 622 1131 685 celeritate4

74 739 201 802 pancos
226 739 301 781 suos
324 739 363 780 ex
391 718 469 802 fuga
495 723 609 783 nactus
636 723 793 783 nocturno
825 720 940 782 itinere
962 740 1029 781 non
1047 718 1096 780 in-

75 815 232 878 termisso
273 816 428 878 comitatu
469 817 616 899 equitum
648 834 721 879 xxx
754 815 792 879 ad
828 838 915 879 mare
951 815 1096 898 pervenit

75 907 258 996 navemque
277 913 519 976 frumentariam
538 912 732 997 conscendit,
751 935 854 998 saepe,
872 916 909 975 ut
923 910 1097 1003 dicebatur,

78 1032 219 1093 querens
256 1015 383 1073 tantum
415 1032 449 1073 se
486 1011 670 1094 opinionem
707 1010 872 1095 fefellisse,
908 1014 945 1073 ut
982 1032 1000 1072 a
1032 1030 1095 1091 quo

78 1128 198 1191 genere
216 1106 384 1170 hominurn
397 1107 564 1170 victoriam
584 1110 754 1192 sperasset,
773 1106 812 1170 ab
832 1128 869 1170 eo
888 1107 982 1169 initio
1001 1107 1096 1189 fugae

78 1205 168 1267 facto
193 1225 291 1287 paene
314 1203 460 1286 proditus
484 1204 654 1267 videretur.

18 1374 32 1391 χ
150 1299 372 1364 LXXXXVII.
410 1298 527 1364 Caesar
545 1301 660 1364 eastris
675 1301 800 1384 potitus
820 1300 1011 1365 amilitibus
1026 1321 1097 1363 con·
1116 1318 1130 1363 1

79 1398 197 1483 tendit,
222 1416 263 1460 ne
290 1397 325 1460 in
353 1396 470 1479 praeda
501 1398 646 1479 occupati
674 1397 789 1481 reliqui
816 1399 939 1483 negotii
967 1397 1118 1482 gerendi'

79 1495 270 1559 facultatem
306 1495 512 1557 dimitterent.
568 1492 636 1569 Qua
672 1517 707 1558 11
743 1496 915 1578 impetrata
955 1498 1131 1559 montena
1208 1546 1212 1565 ,

81 1614 180 1677 opere
199 1591 441 1655 circummunire
460 1591 612 1654 instituit.
644 1590 842 1677 Pompeiani,
856 1591 941 1674 quod
962 1591 989 1653 is
1004 1611 1096 1653 mons

81 1693 153 1753 erat
182 1689 250 1751 sine
277 1710 369 1773 aqua,
397 1688 497 1751 diffisi
525 1687 554 1750 ei
581 1687 652 1751 loco
680 1686 792 1751 relicto
820 1692 928 1751 monte
956 1687 1096 1749 universi

80 1784 170 1869 iugis
194 1785 261 1847 eius
285 1783 431 1847 Larisam
452 1805 571 1847 versus.
588 1807 621 1848 11
644 1785 783 1868 recipere
807 1789 985 1868 coeperunt.
1029 1781 1097 1858 Qua
1116 1800 1131 1846 3

80 1905 117 1946 re
142 1881 361 1945 animadversa
389 1879 505 1945 Caesar
533 1883 642 1966 copias
674 1903 747 1944 suas
777 1881 887 1944 divisit
910 1884 1096 1962 partemque

81 1979 248 2064 legionum
275 1979 311 2043 in
338 1978 451 2043 castris
478 1976 611 2062 Pompei
643 1999 805 2043 remanere
834 1978 942 2061 iussit,
973 1981 1096 2060 partem

81 2077 119 2140 in
142 2098 201 2140 sua
224 2082 329 2140 castra
351 2076 485 2161 remisit,
503 2094 540 2138 lv
559 2099 667 2140 secum
684 2076 826 2160 legiones
848 2075 938 2138 duxit
961 2068 1097 2138 commo-

82 2175 236 2258 dioreque
263 2174 378 2236 itinere
404 2172 608 2256 Pompeianis
637 2195 800 2237 occurrere
830 2172 934 2254 coepit
963 2176 995 2235 et
1027 2193 1097 2254 pro-

83 2292 215 2355 gressus
247 2268 337 2331 milia
368 2291 523 2352 passuum
551 2288 588 2332 vl
620 2271 720 2333 aciem
749 2270 912 2333 instruxit.
963 2267 1032 2344 Qua
1064 2287 1132 2332 re4

84 2366 305 2432 animadversa
319 2364 506 2448 Pompeiani
529 2367 564 2429 in
587 2365 725 2450 quodam
747 2370 856 2429 monte
875 2366 1098 2437 constiterunt,

84 2465 181 2529 Hune
212 2467 355 2527 montem
386 2462 505 2526 flumen
538 2463 716 2527 subluebat.
760 2461 875 2526 Caesar
903 2463 1021 2527 milites
1049 2486 1098 2528 eo-

84 2559 246 2643 hortatus‚
269 2559 330 2622 etsi
359 2559 461 2622 totius
490 2559 552 2622 diei
580 2559 758 2622 continenti
780 2558 890 2621 labore
914 2563 1004 2622 erant
1027 2582 1098 2623 con-

85 2656 162 2720 fecti
185 2675 312 2737 noxque
335 2656 400 2718 iam
427 2655 568 2740 suberat,
595 2660 703 2718 tamen
729 2656 907 2718 munitione
935 2656 1054 2718 flumen
1080 2680 1098 2719 a
1130 2719 1135 2730 ,

86 2755 196 2815 monte
229 2751 374 2837 seclusit,
405 2774 445 2816 ne
477 2757 575 2816 noctu
603 2753 716 2835 aquari
745 2751 932 2835 Pompeiani
958 2759 1097 2835 possent.

87 2848 156 2924 Quo
171 2847 312 2930 perfecto
333 2870 426 2931 opere
445 2848 494 2912 illi
513 2850 550 2912 de
570 2849 729 2913 deditione
748 2850 856 2914 missis
874 2850 991 2933 legatis
1006 2869 1098 2932 agere
1117 2865 1133 2912 5

87 2948 267 3028 coeperunt.
312 2942 409 3008 Pauci
441 2946 562 3009 ordinis
595 2948 763 3033 senatorii,
795 2948 851 3030 qui
884 2968 917 3009 se
944 2966 1016 3008 curn
1046 2945 1098 3010 his

87 3042 327 3125 coniunxerant,
348 3045 442 3104 nocte
464 3042 541 3125 fuga
566 3042 703 3107 salutem
726 3045 916 3127 petiverunt.

153 3136 390 3202 LXXXXVHI.
428 3136 545 3201 Caesar
563 3139 667 3221 prima
689 3141 760 3203 luce
779 3161 887 3204 omnes
907 3160 971 3223 eos7
990 3139 1046 3221 qui
1064 3140 1099 3202 in
1118 3154 1131 3200 1

87 3240 195 3301 monte
218 3235 435 3320 consederant,
458 3257 496 3298 ex
520 3237 741 3318 superioribus
764 3237 843 3300 locis
871 3236 906 3297 in
932 3235 1099 3317 planitiem

87 3333 273 3396 descendere
297 3335 393 3414 atque
416 3354 504 3394 arma
527 3333 670 3414 proicere
692 3333 795 3397 iussit.
843 3330 933 3407 Quod
951 3331 1007 3394 ubi
1031 3334 1098 3395 sine
1118 3347 1133 3392 a

86 3430 286 3493 recusatione
308 3428 452 3491 fecerunt
475 3429 642 3512 passisque
671 3430 786 3512 palmis
813 3428 947 3512 proiecti
977 3429 1017 3491 ad
1038 3434 1099 3492 ter-

86 3548 155 3590 ram
178 3526 290 3589 flentes
315 3524 355 3587 ab
379 3546 416 3588 eo
442 3525 579 3588 salutem
601 3528 793 3610 petiverunt,
816 3525 1000 3590 consolatus
1028 3548 1100 3590 con·

87 3643 220 3707 surgere
243 3621 338 3683 iussit
362 3625 394 3683 et
417 3642 519 3704 pauca
543 3624 626 3703 apud
650 3646 704 3686 eos
728 3623 766 3685 de
783 3623 916 3687 lenitate
935 3643 993 3685 sua
1016 3623 1101 3717 loeu-
