2584 4075
179 238 242 302 102
526 239 575 293 ΒΕ
594 239 710 293 BELLO
731 239 841 294 ClVlLI

176 384 319 466 positum
341 387 450 448 tenere
467 405 534 447 non
551 383 670 469 potuit,
688 384 825 448 secundo
848 405 927 448 usus
951 385 1084 448 consilio
1104 382 1190 446 edito
1279 360 1280 421 3

176 480 257 564 loco,
275 480 331 563 qui
350 480 530 564 appellatur
542 478 638 544 Petra
658 480 845 565 aditumque
861 480 960 545 habet
973 480 1109 545 navibus
1128 501 1191 543 me
1279 506 1280 519 ¹

178 576 315 641 dicerem
339 581 435 661 atque
458 599 511 641 eas
535 600 554 640 a
577 577 769 660 quibusdam
791 578 935 663 protegit
953 577 1068 661 ventis,
1086 579 1192 640 castra

142 674 360 741 ceommunit.
411 674 461 738 Eo
494 677 619 758 partem
650 675 782 738 navium
812 675 984 759 longarum
1015 674 1194 759 convenire,

176 770 372 835 frumentum
405 774 680 853 commeatumque
715 771 755 835 ab
791 769 872 835 Asia
908 776 1006 855 atque
1042 771 1193 835 omnibus

142 868 373 955 aregionibus,
396 890 475 953 quas
495 868 639 952 tenebat,
661 867 857 951 comportari
879 867 1025 950 imperat.
1077 865 1194 932 Caesar
1279 876 1281 899 ¹

176 963 306 1049 longius
340 966 462 1029 bellum
494 966 624 1029 ductum
656 965 698 1028 iri
724 964 912 1028 existimans
941 969 973 1028 et
1001 964 1041 1029 de
1071 963 1194 1028 Italicis

177 1061 408 1126 commeatibus
437 1062 621 1146 desperans,
650 1062 736 1144 quod
762 1065 854 1125 tanta
886 1061 1055 1146 diligentia
1087 1063 1196 1125 omnia

176 1157 274 1222 litora
297 1182 316 1223 a
337 1158 541 1245 Pompeianis
564 1158 757 1223 tenebantur
775 1159 956 1242 classesque
978 1159 1092 1244 ipsius,
1115 1181 1194 1242 quas

176 1253 281 1319 hieme
303 1255 339 1319 in
361 1253 480 1341 Sicilia,
503 1254 618 1340 Gallia,
640 1255 736 1319 Italia
763 1257 891 1340 fecerat,
917 1257 1139 1341 morabantur,
1160 1258 1196 1321 in

177 1352 315 1435 Epirum
337 1353 384 1416 rei
406 1353 633 1416 frumentariae
657 1374 752 1417 causa
775 1350 810 1426 Q.
830 1351 963 1414 Tillium
986 1356 1019 1415 et
1042 1351 1078 1416 L.
1093 1350 1196 1418 Canu·

177 1449 275 1511 leium
306 1449 431 1532 legatos
463 1450 567 1534 misit,
599 1450 749 1533 quodque
779 1447 840 1511 hae
877 1448 1024 1532 regiones
1063 1450 1195 1514 aberant

177 1545 317 1630 longius,
338 1546 418 1609 locis
442 1547 537 1610 certis
559 1546 675 1611 horrea
698 1544 869 1610 constituit
891 1549 1106 1630 vecturasque
1132 1548 1196 1611 fru-

143 1662 160 1707 4
178 1637 279 1706 meriti
301 1642 448 1706 finitimis
471 1642 657 1707 civitatibus
681 1642 853 1726 discripsit.
898 1640 982 1707 Item
1004 1641 1099 1707 Lisso
1122 1643 1195 1708 Par-

178 1739 343 1823 thinisque
375 1761 413 1803 ex
447 1739 596 1803 omnibus
629 1740 780 1824 castellis,
807 1739 893 1824 quod
921 1743 1005 1803 csset
1032 1740 1195 1826 frumenti,

144 1837 326 1920 oconquiri
348 1837 452 1901 iussit.
497 1835 536 1900 Id
563 1840 631 1900 erat
659 1837 869 1921 perexiguum
891 1859 965 1901 cum
992 1838 1097 1921 ipsius
1127 1840 1195 1923 agri

178 1937 310 2018 natura,
343 1934 428 2017 quod
456 1937 533 1997 sunt
563 1934 634 1997 loca
662 1956 775 2016 aspera
802 1938 834 1997 ct
868 1938 1042 1999 montuosa
1069 1957 1107 1999 ac
1133 1937 1194 2019 ple·

178 2054 313 2115 rumque
335 2031 496 2096 frumento
519 2034 657 2095 utuntur
685 2031 871 2118 importato,
899 2035 970 2096 tum
994 2033 1082 2115 quod
1104 2031 1194 2098 Pom·

179 2129 270 2212 peius
292 2128 370 2192 haec
397 2129 581 2212 providerat
609 2133 641 2191 et
669 2129 889 2211 superioribus
918 2129 1030 2193 diebus
1060 2132 1195 2214 praedae

178 2224 249 2288 loco
272 2223 446 2289 Parthinos
473 2225 629 2290 habuerat
657 2226 918 2310 frumentumque
942 2248 1035 2290 omne
1066 2229 1195 2311 conqui·
1279 2227 1281 2234 ’

181 2320 279 2384 situm
303 2322 450 2404 spoliatis
474 2322 663 2405 effossisque
686 2344 797 2387 eorum
818 2323 966 2387 domibus
990 2345 1047 2406 per
1071 2327 1194 2408 equites

181 2422 405 2501 comportarat.

147 2537 160 2583 1
246 2512 426 2579 XXXXHI
464 2513 587 2591 Quibus
610 2516 710 2582 rebus.
730 2516 869 2601 cognitis
885 2515 1001 2581 Cacsar
1025 2520 1195 2584 consilium

181 2613 266 2696 capit
290 2634 328 2676 cx
351 2612 413 2676 loci
435 2617 560 2677 natura.
596 2613 701 2677 Erant
725 2615 810 2677 enim
833 2616 953 2679 circum
975 2619 1082 2680 castra
1104 2615 1195 2681 Pom-

181 2710 232 2793 pei
260 2708 412 2794 permulti
439 2710 517 2773 editi
544 2713 641 2794 atque
669 2712 774 2795 asperi
801 2712 907 2777 colles.
952 2711 1022 2776 Hos
1055 2716 1195 2797 primum

147 2807 348 2890 apraesidiis
375 2807 480 2871 tenuit
507 2808 701 2891 castellaque
727 2808 775 2872 ibi
802 2810 998 2873 communiit.
1043 2809 1133 2896 inde,
1159 2816 1195 2875 ut

181 2905 244 2969 loci
267 2904 420 2987 cuiusque
442 2909 558 2969 natura
580 2906 713 2989 ferebat,
740 2926 779 2968 ex
806 2907 938 2971 castello
966 2907 1000 2970 in
1021 2909 1195 2980 castellum

181 3003 334 3085 perducta
355 3002 534 3065 munitione
561 3003 799 3067 circumvallare
824 3002 1014 3087 Pompeium
1041 3006 1195 3091 instituit,

147 3100 260 3165 chace
283 3104 440 3184 spectans,
463 3100 549 3183 quod
571 3106 710 3185 angusta
736 3121 771 3163 re
797 3101 1007 3165 frumentaria
1033 3104 1195 3187 utebatur,

182 3198 331 3281 quodque
358 3195 529 3280 Pompeius
557 3197 765 3262 multitudine
792 3197 936 3281 equitum
964 3198 1104 3286 valebat,
1131 3222 1195 3285 quo

180 3294 303 3357 minore
335 3293 476 3376 periculo
509 3293 650 3377 undique
685 3295 883 3358 frumentum
919 3300 1196 3381 commeatumque

182 3386 335 3454 exercitui
349 3394 539 3473 supportare
557 3396 677 3475 posset,
696 3391 791 3454 simul
810 3392 859 3455 uti
876 3391 1085 3475 pabulatione
1103 3393 1195 3458 Pom·

182 3485 289 3566 peium
311 3485 497 3568 prohiberet
521 3483 764 3570 equitatumque
783 3488 851 3552 eius
871 3489 911 3552 ad
933 3511 1001 3553 rem
1023 3492 1196 3575 gerendam

182 3579 330 3642 inutilem
345 3582 492 3666 efficeret,
501 3583 598 3645 tertio
614 3585 898 3671 etauctoritatem,
913 3608 976 3669 qua
988 3587 1044 3650 ille
1057 3588 1196 3652 maxime
