2584 4075
199 233 241 297 86
546 234 595 288 ΒΕ
614 234 731 287 BELLO
752 233 861 288 CIVILI
926 277 928 283 ,

199 380 267 441 1111
287 377 355 442 sine
373 378 533 443 militibus
551 379 742 462 privatoque
761 378 895 443 consilio
917 378 1206 461 administrabatur,

163 494 178 541 3
199 473 305 538 delata
328 472 458 539 Oricum
481 478 578 559 atque
606 498 625 538 a
651 474 770 541 Bibulo
794 479 978 559 expugnata
1005 479 1067 561 est3
1094 475 1206 559 quide

198 572 298 636 servis
332 573 506 656 liberisque
544 573 692 636 omnibus
726 573 765 636 ad
801 573 983 656 impuberes
1019 572 1208 657 supplicium

198 671 296 735 sumit
328 674 360 734 et
387 670 427 734 ad
454 693 554 734 unum
580 670 741 734 interficit.
787 669 839 733 Ita
866 670 902 733 in
929 669 1045 754 exiguo
1067 674 1208 752 tempore

196 788 377 851 magnoque
400 788 475 832 casu
498 767 601 832 totius
625 768 783 832 exercitus
808 768 894 830 salus
919 767 1074 831 constitit.

198 1058 400 1141 prohibebat,
422 1059 469 1123 ita
487 1059 557 1143 ipse
575 1058 663 1122 omni
681 1062 768 1122 terra
786 1079 896 1122 earum
913 1059 1084 1142 regionum
1105 1058 1209 1142 probl-

164 1154 343 1220 2bebatur.
397 1155 568 1220 Praesidiis
603 1155 686 1219 enirn
719 1155 885 1238 dispositis
922 1155 1030 1219 omnia
1060 1156 1158 1219 litora
1192 1178 1209 1218 a
1278 1212 1279 1225 ,

164 883 177 928 1
264 862 334 928 XV.
371 863 518 948 Bibulus,
534 866 572 928 ut
591 886 689 946 supra
707 864 962 928 demonstratum
979 869 1038 948 est,
1056 867 1125 928 erat
1142 885 1209 929 cam
1273 814 1280 933 i

201 961 302 1025 classe
325 962 366 1025 ad
380 960 511 1025 Oricum
534 965 576 1045 et,
598 961 695 1025 sicuti
716 962 798 1025 mari
816 961 1031 1045 portibusque
1044 960 1209 1026 Caesarem
1278 980 1279 1003 ¹

198 1250 333 1316 Caesare
355 1253 556 1338 tenebantur,
577 1274 681 1336 neque
703 1251 849 1337 lignandi
872 1255 969 1334 atque
999 1253 1139 1336 aquandi
1159 1274 1209 1316 ne·
1278 1256 1279 1273 ¹

163 1365 178 1412 3
199 1370 260 1432 que
285 1370 383 1413 naves
412 1350 451 1413 ad
477 1354 597 1413 terram
619 1349 781 1435 deligandi
804 1352 949 1432 potestas
978 1349 1087 1414 fiebat.
1131 1349 1210 1414 Erat
1240 1389 1243 1394 -

197 1467 248 1509 res
271 1446 306 1509 in
332 1468 450 1530 magna
478 1446 667 1510 difficultate
694 1447 891 1529 summisque
918 1447 1079 1531 angustiis
1105 1468 1210 1510 rerum

196 1543 447 1607 necessariarum
469 1543 710 1628 premebantur,
733 1544 810 1608 adeo
838 1547 876 1606 ut
898 1548 1090 1627 cogerentur
1117 1544 1210 1608 sicuti

196 1641 358 1724 reliquum
384 1638 597 1705 commeatum
619 1641 666 1704 ita
695 1640 785 1724 ligna
814 1644 911 1724 atque
933 1662 1050 1724 aquam
1073 1638 1209 1725 Corcyra

162 1754 179 1800 4
197 1738 333 1803 navibus
357 1738 511 1802 onerariis
531 1741 732 1821 supportare,
750 1741 847 1820 atque
865 1738 963 1802 etiam
982 1760 1049 1802 uno
1068 1742 1209 1822 tempore

198 1836 320 1921 accidit,
342 1839 379 1899 ut
402 1835 636 1900 difficilioribus
660 1834 711 1896 usi
734 1834 982 1917 tempestatibus
1006 1858 1045 1899 ex
1063 1836 1210 1921 pellibus,

198 1922 430 2017 quibus'erant
453 1936 556 1997 tectae
582 1951 689 2014 naves,
707 1935 910 2022 nocturnum
939 1933 1084 2015 excipere
1106 1956 1209 1998 rorem

162 2034 401 2115 acogerentur3
435 2052 514 2114 quas
546 2032 656 2094 tamen
686 2028 891 2093 difficultates
923 2030 1084 2113 patienter
1116 2035 1210 2116 atque

197 2149 297 2210 aequo
331 2127 437 2203 animo
469 2126 615 2192 ferebant
646 2147 750 2208 neque
782 2126 845 2189 sibi
871 2128 1020 2191 nudanda
1051 2129 1152 2193 litora
1179 2133 1209 2193 et

162 2224 421 2307 crelinquendos
444 2227 558 2308 portus
583 2222 820 2287 existimabant.
857 2221 919 2287 Sed
946 2247 1018 2288 curn
1046 2231 1157 2291 essent
1177 2228 1210 2291 in

196 2319 314 2404 quibus
338 2319 555 2384 demonstravi
578 2320 739 2403 angustiis
763 2341 799 2383 ac
826 2342 860 2383 se
882 2319 964 2385 Libo
992 2343 1066 2385 cunr
1091 2321 1208 2388 Bibulo

195 2416 427 2500 coniunxisset,
459 2417 636 2500 loquuntur
669 2417 763 2480 ambo
802 2439 840 2481 ex
875 2419 1012 2482 navibus
1049 2441 1124 2484 cum
1159 2420 1208 2485 Μ’.

195 2513 299 2579 Acilio
329 2517 361 2577 11
390 2511 495 2577 Statio
522 2513 634 2578 Murco
663 2513 794 2599 legatis,
822 2536 960 2597 quorum
987 2517 1069 2580 alter
1101 2518 1210 2602 oppidi

194 2610 305 2694 muris,
333 2610 414 2675 alter
441 2601 608 2718 praffidiis
636 2612 846 2675 terrestribus
876 2617 1035 2695 praeerat:
1063 2615 1146 2679 velle
1177 2638 1210 2679 se

195 2709 233 2773 de
264 2708 412 2773 maximis
445 2708 541 2772 rebus
574 2729 646 2772 cum
679 2706 815 2772 Caesare
843 2709 948 2794 loqui,
979 2711 1008 2774 si
1044 2711 1110 2776 sibi
1142 2713 1209 2777 eius

194 2805 330 2870 facultas
359 2806 459 2869 detur.
509 2804 582 2869 Huc
615 2805 736 2869 addunt
767 2828 868 2889 pauca
896 2807 943 2871 rei
975 2808 1210 2874 confirmandae

160 2918 304 2988 1111111,
331 2905 368 2966 ut
391 2903 429 2967 de
457 2903 690 2986 compositione
713 2903 816 2967 acturi
837 2903 1029 2968 viderentur.
1074 2904 1210 2971 Interim

194 3000 375 3084 postulant,
406 3004 443 3063 ut
476 3000 541 3063 sint
571 2999 728 3086 indutiae,
760 3005 857 3084 atque
888 3000 929 3064 ab
956 3001 997 3064 iis
1024 3001 1208 3085 impetrant.

159 3111 175 3160 8
195 3098 349 3183 Magnum
367 3097 465 3180 enim‚'
481 3096 567 3180 quod
585 3089 781 3180 adferebant,
799 3097 976 3181 videbatur,
994 3102 1026 3162 et
1040 3096 1209 3165 Caesarem

193 3197 227 3259 id
245 3216 367 3258 summe
391 3194 533 3258 sciebant
552 3215 676 3277 cupere,
695 3198 726 3256 et
740 3195 919 3278 profectum
934 3196 1056 3279 aliquid
1069 3195 1210 3263 Vibullii

192 3292 351 3355 mandatis
375 3289 640 3358 existimabatur„

157 3399 172 3445 1
257 3385 344 3451 XVI.
383 3385 499 3451 Caesar
518 3408 554 3450 eo
574 3388 718 3469 tempore
737 3409 809 3452 cum
823 3390 949 3474 legione
967 3413 1031 3455 una
1044 3393 1208 3474 profectus

193 3481 233 3542 ad
255 3482 450 3565 recipiendas
473 3482 642 3545 ulteriores
662 3483 809 3548 civitates
828 3490 861 3549 et
878 3509 947 3550 rem
964 3487 1209 3554 frumentariam

193 3576 427 3662 expediendam,
450 3600 513 3660 qua
532 3581 670 3660 angusta
689 3579 849 3666 utebatur,
868 3587 936 3645 erat
956 3583 995 3646 ad
1008 3573 1209 3651 Buthrotum
