2584 4075
191 233 213 295 4
541 229 589 283 DE
608 228 725 282 BELLO
746 226 855 282 CIVILI

191 376 262 460 bus,
283 397 324 439 ne
347 376 387 439 ad
409 375 476 439 eius
499 373 676 458 periculum
698 392 859 436 reservare
883 374 915 433 et
933 368 1072 433 retinere
1097 390 1152 432 eas
1173 370 1214 432 ad

192 472 304 536 urbem
316 472 487 556 Pompeius
506 472 680 554 videretur,
699 473 736 533 ut
750 467 793 532 M.
807 466 923 552 Rufus,
937 467 994 550 qui
1013 465 1213 529 sententiam

157 581 174 628 4
194 567 308 633 Calidii
321 569 431 654 paucis
445 569 511 633 fere
524 566 659 632 mutatis
673 566 780 630 verbis
800 565 1003 649 sequebatur.
1035 562 1082 626 Hi
1097 585 1212 627 omnes
1242 603 1245 608 ·

192 666 334 730 convicio
366 665 401 730 L.
434 665 564 730 Lentuli
595 663 736 728 consulis
773 661 913 745 correpti
949 661 1211 745 exagitabantur.

157 760 348 827 clientulus
372 763 564 827 sententiam
582 758 698 825 Oelidii
716 759 1002 843 pronuntiaturum
1022 779 1055 821 se
1075 758 1210 822 omnino

191 860 331 945 negavit,
353 859 522 924 Marcellus
545 856 736 942 perterritus
760 855 911 920 conviciis
931 879 950 919 a
969 878 1027 919 sua
1046 856 1210 918 sententia

158 967 173 1013 u
193 955 346 1019 discessit.
384 954 437 1021 Sic
459 955 592 1021 vocibus
611 954 762 1039 consulis,
780 957 903 1017 terrore
921 953 1102 1036 praesentis
1123 975 1209 1016 exer-

192 1050 284 1138 citus,
305 1053 401 1117 minis
425 1053 599 1117 amicorum
615 1050 749 1133 Pompei
767 1051 911 1135 plerique
930 1049 1090 1133 compulsi
1112 1050 1209 1114 inviti

193 1152 224 1211 et
234 1149 335 1212 coacti
346 1147 505 1233 Scipionis
520 1148 713 1213 sententiam
727 1151 918 1232 sequuntur:
932 1148 982 1211 uti
996 1150 1071 1211 ante
1086 1150 1208 1211 certam

192 1245 275 1308 diem
307 1243 424 1310 Caesar
451 1246 625 1309 exercitum
651 1243 807 1327 dimittat3
840 1244 868 1307 si
894 1265 961 1308 non
987 1243 1102 1329 faciat,
1135 1266 1207 1307 eum

158 1341 343 1405 radversus
370 1340 598 1424 rempublicam
625 1341 787 1405 facturum
812 1340 921 1404 videri.
957 1340 1135 1404 Intercedit
1163 1340 1205 1405 M.

191 1437 364 1523 Antonius,
378 1437 412 1513 Q.
429 1436 568 1523 Cassius,
581 1437 706 1501 tribuni
719 1437 831 1521 plebis.
869 1435 1020 1501 Refertur
1034 1438 1207 1503 confestim

157 1546 173 1593 s
192 1535 230 1598 de
239 1535 466 1600 intercessione
475 1535 689 1599 tribunorum.
719 1533 880 1599 Dicuntur
889 1536 1068 1599 sententiae
1078 1557 1205 1621 graves3

191 1636 229 1696 ut
248 1632 383 1717 quisque
402 1632 604 1698 acerbissime
618 1632 897 1716 crudelissimeque
911 1632 1003 1718 dixit,
1015 1633 1063 1696 ita
1079 1634 1204 1719 [quam]

191 1731 328 1795 maxime
351 1731 391 1795 ab
414 1730 552 1795 inimicis
577 1727 722 1794 Caesaris
745 1729 962 1793 conlaudatur.

157 1839 170 1884 1
252 1826 310 1892 ΙΠ.
346 1827 448 1892 Misso
481 1828 521 1891 ad
552 1848 721 1910 vesperum
748 1830 861 1890 senatu
889 1847 1013 1912 omnes,
1041 1828 1099 1910 qui
1129 1833 1205 1892 sunt

192 1924 260 1988 cius
289 1926 424 2011 ordinis,
452 1948 471 1989 a
496 1923 649 2007 Pompeio
678 1926 858 1987 evocantur.
895 1921 1020 1987 Laudat
1043 1932 1205 2009 promptos

191 2018 362 2103 Pompeius
381 2026 477 2106 atque
495 2021 531 2085 in
547 2024 713 2105 posterum
731 2020 909 2106 confirmat,
929 2020 1094 2106 segniores
1113 2025 1203 2089 casti·

156 2128 172 2174 2
191 2120 249 2201 gat
271 2121 367 2200 atque
390 2118 511 2181 incitat.
549 2118 646 2183 Multi
669 2119 809 2202 undique
833 2140 872 2182 cx
889 2118 1053 2184 veteribus
1071 2119 1204 2207 Pompei

192 2212 384 2277 exercitibus
408 2235 464 2296 spe
486 2215 702 2296 praemiorum
724 2219 821 2298 atque
851 2214 1000 2278 ordinum
1021 2223 1205 2305 evocantur,

191 2310 287 2373 multi
309 2331 348 2373 ex
370 2310 494 2374 duabus
517 2310 710 2398 legionibus,
733 2333 815 2396 quae
838 2315 914 2376 sunt
932 2313 1070 2378 traditae
1090 2338 1109 2379 a
1130 2314 1205 2381 Cae·

156 2417 172 2463 3
192 2427 272 2491 sare,
281 2410 492 2470 arcessuntur.
526 2405 714 2491 Completur
727 2409 804 2473 urbs
819 2410 842 2493 †
856 2413 888 2473 et
901 2409 952 2473 ius
967 2411 1137 2478 comitium
1150 2415 1205 2478 tri-

155 2514 172 2560 4
191 2503 297 2589 bunis,
318 2504 569 2590 centurionibus,
587 2505 736 2570 evocatis.
775 2504 892 2569 Omnes
911 2505 1005 2569 amici
1025 2511 1204 2596 consulum,

190 2600 361 2665 necessarii
383 2599 516 2684 Pompei
538 2604 634 2684 atque
658 2625 777 2689 eorum,
801 2603 856 2686 qui
874 2607 997 2668 veteres
1015 2603 1203 2672 inimicitias

156 2708 171 2755 5
191 2720 262 2762 cum
286 2696 419 2762 Caesare
447 2699 610 2784 gerebant,
632 2699 669 2763 in
695 2703 842 2764 senatum
865 2705 1037 2786 coguntur3
1056 2725 1204 2787 quorum

190 2795 321 2860 vocibus
349 2799 382 2859 et
409 2816 565 2860 concursu
598 2800 761 2860 terrentur
786 2796 989 2882 infirmiores,
1017 2798 1109 2864 dubii
1132 2824 1203 2867 con-

189 2891 372 2976 firmantur,
400 2891 561 2976 plerisque
592 2915 668 2958 vero
700 2893 800 2957 libere
839 2894 1025 2957 decernendi
1056 2902 1202 2980 potestas

155 2998 170 3045 6
190 2987 332 3071 cripitur.
369 2987 543 3052 Pollicetur
566 2989 600 3054 L.
618 2989 694 3054 Piso
717 3012 829 3054 censor
845 3011 913 3054 sese
927 2992 1050 3056 iturum
1069 2995 1110 3057 ad
1129 2994 1202 3061 Cae·

190 3107 302 3170 sarem,
323 3085 402 3149 item
424 3083 459 3149 L.
482 3084 619 3150 Roscius
642 3090 780 3172 praetor,
803 3087 860 3170 qui
883 3087 990 3160 dehis
1009 3090 1106 3156 rebus
1131 3115 1202 3157 eum

189 3182 335 3267 doceant3
359 3204 414 3245 sex
437 3182 503 3246 dies
527 3183 567 3246 ad
590 3205 660 3246 eam
682 3206 750 3247 rem
772 3183 1000 3248 conficiendam
1026 3188 1125 3269 spatii
1148 3212 1202 3273 po-

155 3280 321 3343 7stulant.
357 3277 518 3343 Dicuntur
549 3280 647 3344 etiam
679 3280 719 3344 ab
751 3280 916 3345 nonnullis
945 3284 1135 3370 sententiae,
1166 3291 1202 3350 ut
1272 3282 1273 3285 '

188 3375 288 3460 legati
312 3377 351 3440 ad
375 3374 543 3440 Caesarem
564 3377 745 3463 mittantur,
768 3378 824 3462 qui
847 3378 1048 3443 voluntatem
1070 3387 1200 3447 senatus

189 3471 218 3532 ei
240 3476 430 3553 proponant.

154 3576 167 3622 1
254 3565 327 3629 ΠΠ.
365 3565 521 3632 Omnibus
539 3568 591 3632 his
610 3570 773 3634 resistitur
793 3572 1004 3656 omnibusque
1023 3574 1199 3640 rationibus

668 3754 681 3781 0
