2584 4075
180 201 245 265 114
528 200 576 254 DE
595 200 712 255 BBLLO
733 200 842 256 CIVILI

142 364 158 411 1
245 345 376 410 LXHII.
413 344 485 409 Hoc
507 345 651 410 tumultu
673 345 823 409 nuntiato
846 343 1052 409 Marcellinus
1083 343 1199 408 cohor-

178 447 227 507 tes
251 442 395 507 subsidio
417 443 539 507 nostris
562 442 785 507 laborantibus
810 442 975 506 submittit
998 463 1036 505 ex
1066 441 1201 523 castris,

180 561 260 624 quae
291 539 451 625 fugientes
484 540 686 623 conspicatae
716 560 821 623 neque
852 539 927 604 illos
960 561 1019 603 suo
1056 539 1200 602 adventu

179 637 366 702 confirmare
398 640 574 721 potuerunt
605 657 710 719 neque
742 636 831 720 ipsae
862 635 1007 700 hostium
1038 636 1200 718 impetum

146 735 333 799 utulerunt.
373 733 492 816 'Itaque
520 733 741 816 quodcumque
769 733 945 798 addebatur
973 732 1130 821 subsidiu,
1162 731 1201 795 id

121 770 368 915 ⁴⁸'corruptum
395 830 510 895 timore
541 830 735 914 fugientium
766 833 922 894 terrorem
954 833 987 892 et
1018 828 1200 913 periculum

182 928 333 1013 augebat,
355 928 524 995 hominum
546 928 631 991 enim
652 926 859 991 multitudine
882 929 1029 1009 receptus
1047 925 1201 1008 impedio

149 1042 165 1088 3
184 1025 288 1089 batur.
324 1024 365 1090 In
387 1046 424 1088 eo
447 1024 570 1108 proelio
593 1046 666 1089 cum
689 1023 781 1109 gravi
798 1023 930 1087 vulnere
948 1025 1033 1086 esset
1053 1022 1201 1086 adfectus

182 1122 330 1208 aquilifer
360 1125 392 1186 et
420 1145 438 1185 a
465 1122 590 1187 viribus
618 1121 814 1204 deficeretur,
837 1120 1040 1203 conspicatus
1071 1119 1200 1203 equites

181 1221 321 1301 nostros,
340 1216 443 1280 ‘Hanc
461 1216 542 1301 ego,’
561 1216 677 1302 inquit,
703 1217 747 1281 ‘et
765 1218 857 1281 virus
880 1217 1000 1281 multos
1019 1239 1077 1300 per
1095 1237 1200 1280 annos

173 1335 298 1399 magna
321 1314 488 1399 diligentia
512 1313 637 1378 defendi
666 1319 698 1379 et
720 1335 806 1379 nunc
833 1314 972 1378 moriens
1002 1314 1113 1378 eadem
1133 1314 1201 1377 fide

183 1410 312 1476 Cassan
342 1410 487 1476 restituo.
533 1408 659 1496 Nolite,
691 1411 838 1496 obsecro,
869 1411 1079 1496 committere,
1111 1412 1200 1494 quod

184 1512 258 1572 ante
279 1508 316 1571 in
338 1507 480 1573 exercitu
503 1504 649 1572 Caesaris
672 1529 739 1572 non
761 1507 889 1592 accidit,
918 1511 954 1571 ut
976 1507 1024 1571 rei
1045 1508 1200 1571 militaris

184 1606 317 1670 dedecus
355 1605 558 1690 admittatur,
589 1604 844 1689 incolumemque
875 1606 916 1669 ad
951 1627 1024 1669 eum
1048 1605 1198 1669 deferte?

148 1702 255 1768 4Hcc
277 1725 353 1769 casu
375 1702 484 1787 aquila
506 1706 713 1766 conservatur
737 1701 886 1766 omnibus
909 1702 1031 1786 primae
1054 1701 1200 1765 cohortis

184 1800 424 1865 centurionibus
447 1799 626 1864 interfectis
650 1802 776 1882 praeter
799 1799 976 1882 principem
998 1797 1148 1883 priorem.

150 1915 163 1960 1
250 1895 346 1961 LXV.
382 1896 515 1980 Iamque
536 1893 724 1979 Pompeiani
746 1917 864 1980 magna
890 1897 984 1960 caede
1010 1901 1199 1961 nostrorum

184 1996 298 2061 castris
325 1993 504 2081 Marcellini
531 1993 851 2078 adpropinquabant·
860 2016 927 2082 nun
952 1995 1105 2060 mediocri
1136 1999 1199 2060 ter·
1279 2012 1280 2025 ¹

184 2115 256 2158 rore
282 2093 384 2156 inlato
411 2092 543 2176 reliquis
572 2091 769 2175 cohortibus,
802 2095 834 2155 et
862 2090 903 2156 M.
931 2090 1110 2177 Antonius,
1143 2094 1211 2177 qui'
1277 2075 1279 2170 J

184 2190 366 2274 proximum
388 2190 495 2253 locum
517 2188 750 2273 praesidiorum
768 2188 908 2273 tenebat,
932 2210 968 2252 ea
991 2211 1026 2253 re
1048 2191 1200 2255 nuntiata
1276 2225 1277 2242 κ

185 2309 257 2351 cum
279 2285 466 2350 cohortibus
490 2304 540 2349 ΧΠ
563 2285 755 2349 descendens
780 2307 831 2377 ex,
847 2287 919 2351 loco
947 2287 1114 2370 superiore
1136 2310 1198 2352 cer·
1275 2293 1276 2314 ¹

184 2384 329 2449 nebatur.
374 2382 473 2448 Cuius
502 2382 656 2446 adventus
683 2381 896 2465 Pompeianos
923 2384 1116 2466 compressit
1145 2407 1199 2449 no-

185 2485 333 2565 strosque
356 2480 505 2564 firmarit,
527 2483 564 2542 ut
588 2501 622 2543 se
641 2500 679 2542 ex
697 2480 837 2542 maximo
860 2479 977 2543 timore
1000 2481 1197 2565 colligerent.

150 2576 298 2663 2Nequc
328 2579 430 2642 multo
462 2580 538 2661 post
570 2573 687 2640 Caesar
715 2576 950 2660 significatione
977 2598 1035 2661 per
1068 2581 1198 2643 castella
1270 2589 1272 2674 ,¹

184 2677 272 2740 fumo
304 2676 402 2760 factu,
433 2679 470 2739 ut
503 2678 570 2739 erat
602 2672 778 2757 superioris
805 2673 959 2757 temporis
991 2676 1198 2760 consuetudo,
1269 2741 1270 2746 ,

184 2773 327 2837 deductis
364 2772 555 2857 quibusdam
591 2771 779 2835 cohortibus
812 2792 851 2834 ex
882 2770 1051 2854 praesidiis
1090 2773 1196 2838 eodem
1268 2786 1269 2818 l

148 2869 280 2934 uvenit.
332 2868 395 2944 Qui
426 2868 557 2953 cognito
590 2867 781 2931 detrimento
815 2889 888 2931 cum
919 2868 1197 2934 animadvertisset

183 2965 372 3050 Pompeium
394 2970 484 3030 extra
502 2965 698 3029 munitiones
718 2986 883 3049 egressum
901 2968 1006 3029 castra
1026 2968 1196 3031 secundum

183 3084 270 3127 mare
287 3058 411 3144 poscere,
434 3065 471 3125 ut
494 3061 594 3124 libere
616 3059 764 3144 pabulari
787 3065 897 3144 posset
918 3083 977 3126 nec
1003 3061 1113 3127 minus
1137 3065 1195 3129 adi-

184 3165 255 3224 tum
285 3160 421 3223 navibus
453 3158 602 3242 haberet,
634 3162 830 3222 commutata
856 3159 981 3223 ratione
1003 3159 1097 3247 belli,
1125 3184 1196 3245 quc<

184 3258 272 3321 niam
297 3257 502 3340 propositum
528 3276 596 3318 non
622 3259 779 3340 tenuerat,
802 3256 893 3320 iuxta
914 3255 1106 3339 Pompeium
1134 3256 1211 3323 mu·'

184 3353 249 3415 uiri
271 3353 375 3417 iussit

153 3465 166 3510 1
275 3447 388 3514 LXVI.
426 3449 495 3526 Qua
516 3450 657 3534 perfecta
674 3449 854 3514 munitione
873 3450 1131 3516 animadversum
1151 3457 1195 3515 est

115 3593 120 3600 .
189 3562 207 3598 a
222 3544 473 3621 speculatoribus
489 3544 643 3630 Caesaris,
657 3544 805 3610 cohortes
821 3548 982 3646 quas-dam,
997 3549 1084 3631 quod
1098 3549 1195 3614 instar
