2584 4075
434 797 733 870 PRAEFATIO.
791 815 798 828 ·

536 955 642 963 ———.

144 1050 306 1124 Memoria
342 1058 656 1144 commentariorum,
695 1081 776 1143 quos
812 1059 850 1122 de
886 1058 972 1122 bello
1009 1057 1095 1121 civili

75 1158 109 1223 Ο.
130 1153 247 1221 Julius
266 1153 381 1228 Caesar
405 1154 545 1239 scripsit,
566 1176 630 1219 uno
655 1157 724 1220 solo
748 1156 854 1258 codice
876 1154 1094 1237 manuscripto

75 1275 166 1319 nuno
183 1252 347 1336 deperdito
349 1305 358 1338 ,
329 1273 472 1335 oquem
484 1253 630 1335 11111111
646 1228 844 1363 significabo,
860 1253 956 1317 nobis
970 1252 1096 1316 videtur

78 1354 212 1416 servata
240 1350 413 1415 11111111
439 1350 501 1414 hoc
528 1349 614 1413 enim
640 1351 719 1434 quin
743 1372 862 1414 omnes
875 1348 1011 1433 codices,
1041 1348 1096 1431 qui

78 1450 187 1514 adhuc
213 1447 398 1512 hominibus
427 1446 530 1511 doctis
558 1446 782 1532 innotuerunt,
813 1446 979 1530 fluxerint,
1009 1444 1097 1508 dubi-

76 1547 146 1611 tari
167 1544 297 1629 nequit,
323 1567 400 1609 nam
424 1566 534 1609 omnes
556 1543 670 1608 iisdem
692 1545 829 1629 lacunis
852 1565 961 1608 omnes
984 1542 1097 1607 iisdem

76 1642 208 1709 mendis
245 1641 445 1726 gravissimis
481 1639 601 1704 foedati
638 1645 722 1705 sunt.
776 1598 854 1705 Inde
890 1644 1022 1724 apparet
1057 1661 1097 1703 ne

79 1738 296 1821 archetypum
319 1737 448 1821 quidem
465 1736 557 1800 illum
576 1738 716 1801 codicem
733 1738 836 1802 bonae
854 1737 971 1829 indolis
989 1737 1097 1822 fuisse,

78 1836 198 1900 uthic
220 1834 287 1898 illic
309 1835 425 1899 folium
448 1834 631 1917 abreptum,
659 1835 783 1917 aliquot
805 1835 883 1897 folia
907 1837 962 1896 111
984 1790 1097 1896 blattis

79 1931 245 2015 tineisqne
287 1953 416 1996 corrosa
457 1934 514 1995 aut
555 1930 619 1993 alia
656 1952 719 2012 qua
755 1952 850 1994 causa
886 1930 921 1993 in
954 1930 1097 2041 margine

16 2082 19 2085 .
79 2031 204 2095 lacerat
206 2053 225 2092 a
252 2028 536 2112 deprehendantur.
552 2024 675 2102 Quod
703 2032 810 2092 autem
832 2026 884 2092 W.
903 2027 1073 2092 Mueller
1063 2051 1098 2092 11
1143 2048 1145 2052 ·
1176 2092 1179 2098 ,

81 2126 312 2190 dissertatione
348 2125 404 2209 „de
441 2122 587 2189 Caesaris
625 2127 711 2209 quod
746 2127 849 2194 fertur
885 2127 961 2190 belli
998 2125 1098 2189 Africi

80 2219 320 2309 recensionem)
349 2222 586 2286 accuratissime
609 2223 742 2310 scripta,
770 2224 866 2307 quain
887 2223 968 2287 mihi
989 2223 1098 2286 1111111-

80 2321 172 2386 niter
200 2319 283 2383 dono
311 2318 415 2405 misit,
443 2319 652 2403 archetypum
674 2322 792 2385 litteris
815 2321 1000 2384 maiusculis
1025 2321 1099 2383 scri-

80 2422 181 2503 pturn
204 2416 304 2480 fuisse
327 2417 501 2503 contendit,
523 2416 557 2480 id
579 2420 689 2480 utrum
711 2422 795 2482 recte
809 2418 975 2494 iudicetur
992 2439 1099 2502 necne,

80 2516 279 2600 priusquam
300 2514 518 2579 recensionem
540 2514 842 2578 commentariorum
864 2515 902 2578 de
924 2514 1009 2578 bello
1026 2513 1099 2577 Ale-

80 2611 259 2697 xandrino,
281 2611 449 2697 Africano,
471 2610 682 2694 Hispaniensi
705 2610 906 2695 absolverim,
921 2610 1100 2703 'diiudicare

79 2730 154 2773 non
173 2708 282 2794 audac,
301 2730 495 2791 quamquam
512 2708 548 2770 in
567 2729 637 2771 1111
657 2707 848 2771 sententiam
862 2707 1100 2790 propensiorem
1206 2742 1209 2746 Δ

81 2828 138 2870 me
162 2825 232 2867 esse
255 2805 418 2890 confiteor,
440 2809 478 2869 ut
501 2827 573 2868 eum
598 2804 717 2868 litteris
739 2803 927 2867 minusculis
947 2803 1100 2887 scriptum

82 2922 158 2964 esse
180 2903 299 2983 putem.

155 2994 289 3060 Codices
312 3000 432 3083 autem,
463 2999 524 3081 qui
542 2999 627 3063 inter
652 3002 773 3062 ceteros
796 2997 843 3060 ita
866 2998 1038 3083 excellunt,
1065 3002 1101 3059 ut

80 3092 216 3157 nullum
234 3113 344 3157 eorum
363 3094 493 3176 impune
511 3095 607 3159 liceat
627 3087 743 3159 editori
761 3095 938 3180 neglegere,
961 3098 1037 3158 sunt
1053 3093 1101 3156 hi:

106 3187 197 3255 S==
221 3189 320 3281 codex
360 3188 684 3256 Ashburnhamianus
729 3213 813 3255 nunc
859 3189 1126 3277 Laurentianus·

223 3287 308 3349 inter
330 3287 432 3351 libros
455 3285 1023 3364 Laurentianos·Ashburnhamianos
1045 3309 1102 3350 nu-

225 3404 313 3446 mero
328 3385 369 3446 33
386 3384 540 3468 signatus.
578 3384 640 3460 Qui
655 3385 780 3468 quando
796 3383 934 3464 scriptus
950 3384 1002 3467 sit,
1019 3384 1102 3469 inter

140 3540 144 3555 ,
223 3476 369 3544 homines
388 3482 484 3545 huius
504 3482 551 3545 rei
569 3482 691 3565 peritos
710 3481 851 3543 nondum
869 3478 949 3542 satis
968 3484 1094 3542 constat

83 3579 306 3594 ‚......‚...---

161 3624 188 3691 1)
161 3617 353 3675 lRostochii
373 3624 441 3672 1893
450 3637 502 3687 ,p
518 3624 559 3673 tr.
