2584 4075
170 208 233 273 118
415 234 420 241 ·
517 207 566 260 ΒΕ
585 206 701 261 BELLO
722 206 831 260 CIVILI

170 352 304 416 salutari
325 373 440 434 passus
468 355 526 436 cst,
554 352 609 415 sed
635 372 739 435 neque
761 350 797 414 in
818 350 936 414 litteris
966 349 1186 433 praescribere

170 454 219 513 est
239 448 354 513 solitus
376 469 480 531 neque
502 448 537 511 in
554 447 695 511 fascibus
713 448 855 532 insignia
872 450 999 513 laureae
1017 448 1184 532 praetulit.

135 567 152 614 4
170 546 216 610 At
234 546 394 610 Labienus
417 567 489 610 cum
512 545 552 609 ab
572 567 609 609 eo
627 546 874 630 impetravisset,
891 549 928 609 ut
952 545 1015 609 sibi
1037 544 1186 628 captivos

170 646 254 709 tradi
275 645 412 728 iuberet,
434 665 543 709 omnes
566 642 739 728 productos
767 637 1009 726 ostentationis,
1034 645 1072 705 ut
1100 642 1187 705 vide-

170 744 276 828 batur,
299 764 403 826 causa,
425 763 489 825 quo
512 742 615 805 maior
633 740 786 824 perfugae
803 738 882 802 fides
899 738 1082 823 haberetur,
1101 761 1186 803 com-

170 840 334 904 militones
370 839 534 923 appellans
572 841 604 901 et
639 857 756 922 magna
788 837 959 901 verborum
990 838 1187 901 contumelia

171 939 384 1021 interrogans,
407 938 586 1000 solerentne
609 934 752 999 veterani
774 934 894 998 milites
917 935 1037 1022 fugere,
1061 933 1096 997 in
1120 957 1186 998 om-

172 1034 263 1098 nium
285 1037 458 1116 conspectu
480 1033 648 1098 interfecit.

31 1183 33 1187 ,
140 1154 154 1201 1
239 1130 368 1195 LXXII.
404 1129 466 1194 His
480 1131 575 1197 rebus
594 1132 722 1194 tantum
741 1128 873 1193 fiduciae
891 1151 927 1193 ac
946 1130 1079 1213 spiritus
1092 1129 1187 1195 Pom·
1275 1120 1276 1151 ³

173 1229 296 1313 peiauis
321 1228 462 1312 accessit,
484 1232 522 1291 ut
543 1249 610 1291 non
627 1227 667 1290 de
683 1226 808 1290 ratione
826 1226 903 1290 belli
922 1227 1112 1312 cogitarent,
1132 1229 1186 1292 sed

140 1326 289 1395 evicisse
316 1326 381 1389 iam
408 1325 471 1388 sibi
497 1324 689 1388 viderentur.
734 1321 810 1386 Non
836 1323 886 1386 illi
913 1323 1108 1406 paucitatem
1130 1348 1187 1390 no·

176 1427 318 1488 atrorum
339 1420 489 1507 militum,
510 1442 577 1485 non
594 1419 799 1503 iniquitatem
816 1420 878 1484 loci
899 1425 996 1504 atque
1019 1423 1186 1507 angustias

81 1509 85 1516 ¹
175 1518 415 1605 praeoccupatis
439 1518 553 1582 castris
582 1522 614 1582 ct
641 1517 813 1600 ancipitem
839 1522 995 1581 terrorem
1021 1518 1109 1583 intra
1136 1542 1186 1583 ex·

175 1622 289 1701 traque
311 1616 516 1701 munitiones,
537 1637 604 1680 non
626 1615 786 1679 abscisum
808 1615 843 1678 in
864 1615 943 1678 duas
966 1620 1074 1698 partes
1102 1639 1187 1681 exer-

177 1715 286 1799 citum,
318 1735 390 1777 cum
421 1714 522 1803 altera
553 1711 647 1775 alteri
675 1711 830 1776 auxilium
855 1712 939 1775 ferre
969 1734 1037 1776 non
1067 1719 1187 1798 posset,

140 1832 290 1878 scausae
312 1811 411 1874 fuisse
434 1809 629 1894 cogitabant.
674 1807 752 1873 Non
774 1810 814 1873 ad
840 1809 917 1872 haec
942 1809 1100 1874 addebant
1122 1833 1188 1875 non

179 1909 245 1994 [ex]
269 1930 426 1973 concursu
449 1907 513 1970 aeri
536 1906 631 1991 facto,
653 1928 720 1970 non
744 1907 867 1990 proelio
896 1906 1091 1991 dimicatum,
1114 1909 1188 1973 sibi·

179 2028 240 2092 que
262 2006 351 2091 ipsos
374 2004 580 2069 multitudine
603 2007 700 2087 atque
727 2003 886 2088 angustiis
908 2004 1012 2067 maius
1040 2005 1188 2071 attulisse

144 2123 161 2168 4
179 2104 415 2187 detrimentum,
434 2124 529 2185 quam
548 2102 588 2165 ab
607 2101 702 2166 hoste
721 2102 923 2184 accepissent.
959 2099 1036 2165 Non
1053 2103 1189 2188 denique

179 2222 361 2265 communes
393 2200 471 2263 belli
498 2220 589 2263 casus
621 2199 885 2284 recordabantur,
917 2221 1011 2282 quam
1038 2202 1189 2283 parvulae

180 2318 273 2381 saepe
296 2318 408 2361 causae
430 2296 482 2360 vel
504 2296 603 2359 falsae
627 2296 818 2379 suspicionis
846 2298 897 2362 vel
924 2298 1057 2361 terroris
1080 2319 1189 2382 repen-

179 2395 241 2459 tini
263 2395 315 2457 vel
342 2392 483 2457 obiectae
511 2392 676 2475 religionis
704 2414 820 2477 magna
848 2392 1039 2457 detrimenta
1064 2394 1190 2458 intulis·

180 2494 265 2576 sent,
297 2491 445 2574 quotiens
477 2490 529 2554 vel
560 2489 649 2553 ducis
681 2490 761 2553 vitio
793 2490 845 2553 vel
876 2490 970 2573 culpa
1000 2491 1126 2555 tribuni
1157 2492 1191 2555 in

180 2589 321 2653 exercitu
353 2591 437 2651 esset
475 2586 644 2671 offensum;
678 2587 733 2649 sed
768 2587 902 2671 proinde
938 2609 974 2651 ac
1010 2588 1038 2650 si
1071 2589 1191 2653 virtute

179 2687 332 2752 vicissent
349 2705 452 2767 neque
471 2683 537 2747 ulla
555 2684 763 2747 commutatio
782 2706 890 2748 rerum
910 2689 1021 2768 posset
1044 2686 1192 2769 accidere,

180 2805 237 2867 per
269 2782 380 2847 orbem
411 2785 569 2844 terrarum
596 2780 681 2844 fama
709 2802 745 2844 ac
776 2781 894 2844 litteris
926 2781 1096 2848 victoriam
1124 2782 1191 2845 cius

181 2881 243 2944 diei
266 2878 537 2944 concelebrabant.

147 2994 160 3040 1
247 2974 392 3040 LXXIII.
429 2972 545 3039 Caesar
568 2974 608 3042 ab
632 2975 851 3058 superioribus
874 2976 1017 3040 consiliis
1040 2976 1192 3060 depulsus

182 3096 308 3139 omnem
332 3072 395 3137 sibi
418 3072 675 3138 commutandam
697 3072 775 3135 belli
802 3072 959 3137 rationem
988 3070 1192 3142 existimavit,

146 3171 294 3255 altaque
326 3192 390 3234 uno
423 3173 567 3253 tempore
599 3169 767 3253 praesidiis
801 3169 949 3234 omnibus
986 3168 1129 3232 deductis
1162 3172 1194 3232 et

160 3268 422 3354 oppugnatione
445 3267 577 3331 dimissa
600 3271 772 3350 coactoque
794 3266 830 3329 in
852 3288 954 3330 unum
980 3265 1087 3329 locum
1110 3286 1195 3329 exer-

181 3367 248 3430 citu
276 3364 458 3430 contionem
487 3364 572 3448 apud
598 3364 718 3427 milites
749 3363 864 3426 babuit
895 3363 1110 3446 hortatusque
1138 3365 1196 3446 est,
1275 3397 1276 3406 κ

161 3483 223 3547 ,ηε
242 3484 288 3545 ea,
306 3481 387 3543 quae
406 3461 603 3546 accidissent,
621 3461 762 3546 graviter
780 3460 900 3524 ferrent
922 3481 1002 3523 neve
1022 3459 1076 3522 his
1099 3459 1195 3523 rebus

183 3561 380 3620 terrerentur
402 3557 577 3640 multisque
596 3558 743 3621 secundis
763 3557 892 3639 proeliis
911 3579 1011 3619 unum
1030 3556 1196 3620 adversum
