2584 4075
297 248 409 304 COMM,
427 249 448 302 1.
487 250 564 303 CAP.
583 250 872 305 XXXXI-XXXXV.
1046 253 1088 314 27

70 416 161 457 mum
184 393 314 478 collem,
336 393 393 457 ubi
415 398 519 457 castra
541 393 686 458 Petreius
710 400 806 480 atque
825 394 977 460 Afranius
995 397 1091 461 habe-

69 491 161 576 bant,
181 489 337 573 planities
357 490 482 554 circiter
499 514 654 574 passuum
677 509 750 578 cce,
773 497 869 578 atque
888 494 923 556 in
940 493 1002 557 hoc
1025 495 1090 557 fere

69 588 177 652 medio
198 587 308 670 spatio
326 588 469 650 tumulus
489 593 557 652 erat
576 590 672 672 paulo
692 589 820 674 editior,
840 611 934 672 quem
953 590 981 652 si
1001 612 1124 659 occu-2

70 686 218 769 pavisset
248 682 365 747 Caesar
388 688 420 747 et
447 687 689 772 communisset,
717 687 758 749 ab
787 686 904 769 oppido
933 691 965 749 et
992 690 1090 769 ponte

70 787 103 847 et
127 786 314 847 commeatu
342 782 437 868 omni,
465 804 561 866 quem
587 784 621 846 in
644 784 796 866 oppidum
823 784 1034 870 contulerant,
1058 805 1091 847 se

69 880 329 944 interclusurum
352 879 550 943 adversarios
573 881 760 944 confidebat.
800 879 871 944 Hoc
894 903 1025 963 sperans
1044 881 1090 944 le·
1109 903 1125 949 3

70 980 188 1063 giones
216 995 257 1039 111
285 998 324 1040 ex
356 977 468 1039 castris
502 977 607 1040 educit
639 978 768 1062 acieque
795 978 830 1040 in
856 978 935 1041 locis
968 978 1090 1041 idoneis

70 1076 237 1139 instructa
260 1074 354 1137 unius
377 1073 515 1157 legionis
539 1076 766 1172 antesignanos
785 1097 972 1158 procurrere
995 1080 1091 1159 atque

70 1195 148 1236 eum
179 1171 344 1234 tumulum
370 1192 523 1254 occupare
550 1171 648 1234 iubet.
694 1171 763 1246 Qua
794 1193 828 1234 re
861 1172 989 1255 cognita
1015 1172 1127 1238 cele-4

71 1270 166 1355 riter,
186 1290 269 1353 quae
292 1268 327 1331 in
350 1268 489 1332 statione
507 1290 566 1351 pro
586 1267 699 1331 castris
724 1272 814 1331 erant
832 1266 959 1331 Afranii
982 1268 1092 1331 cohor-

72 1372 137 1452 tes,
172 1366 321 1429 breviore
352 1365 467 1457 itinere
500 1365 540 1428 ad
571 1364 705 1429 eundem
737 1366 955 1448 occupandum
985 1365 1092 1428 locum

72 1467 264 1529 mittuntur.
311 1460 523 1526 Contenditur
545 1462 668 1545 proelio
697 1467 739 1547 et,
767 1463 852 1547 quod
874 1462 963 1545 prius
987 1462 1126 1528 intus

73 1562 203 1627 mulum
234 1558 404 1622 Afraniani
435 1564 601 1645 venerant,
632 1560 737 1623 nostri
768 1559 967 1642 repelluntur
997 1563 1093 1643 atque

74 1661 151 1725 aliis
176 1657 346 1723 submissis
370 1657 523 1721 subsidiis
546 1661 638 1741 terga
664 1661 788 1720 vertere
820 1678 916 1740 seque
939 1656 977 1719 ad
1001 1657 1093 1739 signa

74 1757 245 1842 legionum
267 1754 406 1836 recipere
430 1757 597 1836 coguntur.

144 1849 342 1917 XXXXHII.
380 1848 488 1914 Genus
521 1855 590 1914 erat
623 1872 749 1935 pugnae
780 1850 921 1913 militum
953 1848 1126 1941 illorum,1

75 1957 116 2017 ut
138 1970 259 2034 magno
281 1948 405 2031 impetu
428 1948 532 2031 primo
555 1951 788 2032 procurrerent,
816 1947 964 2010 audacter
986 1945 1093 2008 locum

77 2052 241 2134 caperent,
268 2046 394 2110 ordines
423 2069 498 2109 suos
525 2068 591 2110 non
613 2067 805 2130 magnopere
834 2048 1005 2129 servarent,
1028 2043 1093 2106 rari

70 2146 281 2231 ‘dispersique
308 2147 503 2228 pugnarent,
530 2144 557 2206 si
585 2146 812 2228 premerentur,
835 2142 947 2225 pedem
976 2142 1093 2205 referre

78 2250 110 2309 et
132 2247 205 2308 loco
226 2242 375 2305 excedere
393 2263 459 2306 non
476 2245 571 2324 turpe
589 2241 819 2325 existimarent,
841 2261 913 2303 cum
929 2239 1092 2304 Lusitanis
1113 2259 1128 2305 2

78 2342 279 2426 reliquisque
298 2338 443 2402 barbaris
467 2340 653 2402 continenter
675 2337 786 2401 bellum
806 2343 941 2418 gerentes
964 2338 1094 2401 barbaro

80 2440 220 2523 quodam
240 2456 354 2520 genere
372 2456 498 2519 pugnae
516 2434 704 2518 adsuefacti,
724 2434 810 2517 quod
827 2435 893 2497 fere
910 2436 958 2521 fit,
976 2436 1093 2518 quibus

80 2538 218 2621 quisque
242 2534 278 2596 in
294 2532 373 2596 loeis
397 2533 488 2596 miles
511 2531 746 2616 inveteraverit,
768 2535 805 2594 ut
828 2531 967 2595 multum
985 2554 1094 2594 earum

80 2633 251 2718 regionum
275 2630 502 2692 consuetudine
520 2632 695 2692 moveatur,
731 2626 818 2691 Haec
841 2631 912 2691 tum
936 2629 1019 2690 ratio
1038 2649 1093 2690 no·
1113 2647 1128 2693 3

81 2734 165 2794 stros
180 2727 386 2811 perturbavit
400 2727 543 2789 insuetos
556 2725 653 2788 huius
673 2725 797 2809 generis
812 2746 951 2809 pugnae,
966 2726 1094 2788 circum-

80 2827 120 2890 iri
145 2826 235 2890 enim
259 2844 327 2886 sese
350 2823 389 2886 ab
416 2825 527 2905 aperto
551 2822 651 2885 latere
674 2823 935 2904 procurrentibus
959 2821 1094 2905 singulis

79 2920 338 3003 arbitrabantur3
357 2919 420 3002 ipsi
435 2922 542 2982 autem
556 2941 631 2982 suos
651 2920 777 2982 ordines
793 2941 919 2982 servare
936 2940 1039 3002 neque
1054 2920 1094 2982 ab

80 3019 183 3104 signis
198 3016 358 3079 discedere
372 3038 474 3099 neque
489 3016 557 3079 sine
571 3017 663 3099 gravi
676 3038 771 3080 causa
786 3038 858 3079 eum
871 3017 986 3100 locum,
1001 3039 1095 3098 quem

79 3118 243 3199 ceperant,
260 3113 379 3176 dimitti
398 3117 585 3176 censuerant
605 3117 760 3194 oportere.
797 3112 911 3196 Itaque
929 3114 1094 3196 perturba·
1114 3128 1130 3174 4

79 3212 123 3276 tis
156 3210 377 3294 antesignanis
405 3209 500 3293 legio,
528 3231 608 3292 quae
640 3210 676 3272 in
703 3232 739 3273 eo
768 3232 866 3272 cornu
898 3209 1096 3295 constiterat,

79 3309 187 3373 locum
200 3328 270 3371 non
283 3307 386 3370 tenuit
401 3309 498 3389 atque
512 3306 547 3368 in
561 3308 743 3390 proximum
758 3306 871 3370 collem
886 3326 954 3367 sese
968 3307 1095 3389 recepit.

146 3401 312 3470 XXXXV.
350 3402 466 3467 Caesar
489 3425 589 3486 paene
613 3403 700 3467 omni
724 3402 789 3465 acie
806 3400 987 3485 perterrita,
1011 3404 1096 3483 quod
1116 3419 1130 3464 1

80 3508 210 3587 praeter
234 3500 416 3584 opinionem
440 3501 764 3581 consuetudinemque
795 3498 964 3579 acciderat,
987 3498 1097 3563 cohor-

80 3605 169 3665 tatus
194 3620 272 3664 suos
296 3598 454 3682 legionem
476 3619 594 3662 nonam
615 3596 757 3661 subsidio
782 3595 881 3678 ducit3
904 3594 1034 3658 hostem
1052 3598 1098 3661 in·
