2584 4075
379 233 484 288 COMM
503 235 524 289 1.
562 234 638 289 cAP.
658 235 864 291 LVIII-LXII.
1087 239 1130 302 35

112 376 256 440 statione
270 378 432 441 transfert.
470 376 603 463 [Magna
617 379 762 443 celeriter
776 382 984 449 commutatio
999 381 1128 466 rerum]
1148 402 1164 450 5

112 471 261 536 Perfecto
290 478 398 559 ponte,
424 474 550 559 magnis
579 474 720 558 quinque
747 476 933 542 ciuitatibus
961 479 1001 541 ad
1024 479 1130 543 amici-

113 570 194 633 tiam
223 570 392 657 adiunctis,
421 571 568 654 expedita
591 593 625 634 re
647 572 866 657 frumentaria,
889 574 1056 652 exstinctis
1078 597 1130 637 ru-

114 667 261 730 moribus
285 668 323 731 de
346 668 474 732 auxiliis
496 667 671 753 legionum,
694 664 775 749 quae
805 690 876 731 cum
897 665 1050 752 Pompeio
1072 691 1130 753 per

114 763 352 827 Mauretaniam
371 765 486 831 ,uenire
513 762 714 849 dicebantur,
739 765 860 829 multae
887 765 1129 850 longinquiores

114 861 264 925 civitates
289 860 328 923 ab
351 859 487 925 Afranio
516 860 695 924 desciscunt
723 865 755 924 et
783 860 928 925 Caesaris
957 863 1130 926 amicitiam

114 960 305 1040 sequuntur.

181 1051 266 1116 LXI.
299 1051 422 1129 Quibus
436 1053 533 1117 rebus
546 1055 728 1137 perterritis
743 1055 857 1119 animis
877 1056 1129 1121 aduersariorum
1149 1071 1162 1118 1

115 1150 245 1235 Caesar,
266 1171 454 1234 nesemper
476 1171 594 1235 magno
617 1151 753 1215 circuitu
775 1173 832 1235 per
854 1156 986 1235 pontem
1010 1155 1130 1238 equita-

114 1253 168 1312 tus
203 1248 289 1310 esset
319 1246 509 1330 mittendus,
540 1252 655 1312 nactus
687 1247 837 1312 idoneum
871 1249 990 1335 locum,
1025 1251 1129 1315 fossas

114 1344 233 1429 pedum
255 1360 329 1406 xxx
350 1343 387 1407 iu'
400 1343 615 1424 ‘latitudinem
643 1347 822 1430 complures
844 1348 947 1411 facere
977 1348 1130 1434 instituit,

116 1441 235 1526 quibus
258 1444 384 1523 partem
407 1440 547 1524 aliquam
562 1438 690 1506 Sicoris
715 1447 872 1507 averteret
894 1444 1073 1529 vadumque
1094 1445 1131 1510 in

116 1560 152 1603 eo
185 1536 319 1600 flumine
351 1537 498 1601 efficeret.
543 1537 604 1602 His
636 1561 736 1627 paene
768 1541 888 1604 effectis
916 1563 1069 1627 maguum
1094 1542 1163 1605 ina

115 1635 267 1698 timorem
288 1631 441 1697 Afranius
468 1632 678 1720 Petreiusque
704 1638 909 1722 perueniunt,
935 1660 976 1702 ne
999 1640 1128 1702 omnino

115 1734 279 1797 frumento
315 1730 499 1815 pabuloque
534 1731 834 1818 intercluderentur,
867 1734 952 1818 quod
991 1735 1130 1799 multum

116 1828 235 1893 Caesar
258 1827 405 1911 equitatu
427 1828 564 1892 ualebat.
608 1827 723 1912 Itaque
742 1831 943 1894 constituunt
965 1831 1031 1893 illis
1049 1831 1128 1895 locis

117 1925 267 1990 excedere
299 1929 331 1988 et
362 1924 398 1989 iu
429 1916 635 1991 Celtiberiam
666 1927 787 1991 bellum
817 1928 998 1991 transferre.
1044 1926 1162 1993 Huica

116 2021 252 2088 consilio
276 2022 525 2107 subfragabatur
547 2024 645 2088 etiam
667 2024 724 2088 illa
746 2047 811 2109 res,
829 2024 915 2109 quod
938 2047 976 2089 ex
1003 2025 1128 2090 duobus

116 2120 288 2187 contrariis
311 2120 482 2204 generibus
506 2143 587 2204 quae
610 2122 774 2205 superiore
791 2123 876 2187 bello
899 2145 971 2186 cum
985 2120 1128 2188 Sertorio

116 2222 279 2299 steterant
294 2219 451 2303 civitates,
464 2218 568 2282 victae
584 2240 703 2283 nomen
721 2222 818 2302 atque
835 2218 1005 2302 imperium
1019 2221 1129 2285 absen-

115 2318 160 2380 tis
192 2314 326 2398 Pompei
362 2314 534 2398 timebant,
573 2335 654 2398 quae
690 2316 725 2379 in
761 2316 901 2380 amicitia
936 2323 1129 2404 manserant,

115 2413 243 2498 magnis
275 2412 416 2476 adfectae
448 2411 610 2475 beneficiis
648 2434 720 2477 eum
756 2413 946 2498 diligebant,
984 2413 1128 2480 Caesaris

116 2515 226 2582 autem
249 2512 317 2573 erat
338 2510 375 2574 in
396 2507 543 2573 barbaris
559 2529 678 2574 nomen
697 2510 872 2575 obscurius,
908 2510 972 2574 Hic
993 2532 1128 2596 magnos
1147 2525 1163 2572 4

117 2607 282 2690 equitatus
304 2625 483 2689 magnaque
506 2605 625 2670 auxilia
648 2608 876 2691 exspectabant
900 2612 932 2671 et
955 2609 1022 2672 suis
1048 2610 1128 2673 locis

116 2704 239 2767 bellurn
252 2702 287 2765 in
299 2702 437 2766 hiemem
450 2701 563 2767 ducere
581 2704 775 2788 cogitabant.
812 2704 884 2769 Hoc
896 2705 978 2768 inito
993 2706 1126 2770 consilio
1147 2718 1163 2766 5

116 2805 189 2865 toto
202 2798 334 2863 flumine
347 2797 470 2863 Hibero
483 2821 580 2863 naves
596 2801 741 2884 conquiri
760 2806 792 2865 et
807 2800 998 2886 Octogesam
1016 2802 1128 2866 adduci

116 2897 239 2960 iubent.
283 2894 321 2958 Id
343 2899 412 2959 erat
436 2895 589 2979 oppidum
611 2897 754 2978 positum
781 2897 821 2960 ad
842 2897 1001 2961 Hiberum
1027 2897 1128 2961 milia-

118 3015 180 3077 que
206 3013 361 3077 passuum
388 3015 406 3056 a
434 2992 547 3056 castris
575 2992 686 3056 aberat
713 3011 793 3057 xxx.
842 2993 894 3057 Ad
921 3015 994 3057 eum
1022 2995 1162 3057 locumo

118 3089 260 3154 fluminis
286 3089 422 3155 naribus
450 3090 568 3153 iunctis
595 3094 728 3173 pontem
753 3091 912 3173 imperant
939 3091 1009 3153 fieri
1030 3090 1128 3174 legio-

117 3207 238 3271 nesque
266 3186 344 3249 duas
371 3185 491 3249 flumen
514 3184 649 3251 Sicorim
671 3187 841 3251 traducunt
872 3191 1038 3269 castraque
1060 3209 1128 3250 mu-

118 3282 213 3346 niunt
235 3281 320 3345 vallo
344 3282 461 3365 pedum
482 3299 541 3347 ΧΠ.

184 3377 283 3442 LXII.
320 3377 390 3455 Qua
420 3401 455 3442 re
490 3401 547 3462 per
584 3382 801 3467 exploratores
838 3380 966 3465 cognita
1003 3393 1161 3445 summor

118 3475 228 3540 labore
241 3475 383 3539 rnilitum
397 3472 514 3540 Caesar
528 3477 715 3541 continuato
729 3476 812 3540 diem
829 3480 1018 3558 noctemque
1033 3499 1128 3561 opere

119 3573 153 3636 iu
175 3572 306 3636 flumine
330 3574 500 3637 auertendo
523 3574 585 3637 huc
610 3575 675 3638 iam
693 3573 866 3637 deduxerat
888 3596 964 3657 rem,
981 3576 1018 3636 ut
1042 3576 1128 3658 equi-

882 3678 916 3729 3*
