2584 4075
328 265 439 321 0000.
459 268 492 321 0.
532 266 608 322 00).
628 241 868 324 xxur--xxvr'
1059 266 1101 329 05

83 412 230 476 subsidio
264 428 311 476 nc
344 412 467 496 equites
499 409 659 475 Numidae
690 434 729 475 ex
762 413 878 497 oppido
916 412 1102 495 peditesque
1136 441 1139 449 ·

83 525 172 573 0000
194 509 372 572 mittuntur
399 531 417 572 0
446 506 544 594 llam,
572 530 654 592 quos
682 510 794 573 auxilii
824 531 919 573 causa
942 531 998 572 rex
1020 507 1102 571 Iuba

81 606 194 690 paucis
218 605 332 669 diebus
356 608 429 669 ante
441 603 570 669 Uticam
587 605 728 670 miserat.
768 606 853 672 Huic
876 610 908 671 et
931 610 1139 689 paternum4

80 703 266 786 hospitium
283 724 357 767 cum
368 701 521 785 Pompeio
540 706 572 766 et
592 703 740 768 simultas
759 726 832 768 cum
848 702 987 768 Curione
1004 703 1101 766 inter·

81 800 230 885 cedebat,
263 799 349 883 quod
380 792 530 863 tribunus
562 799 667 884 plebis
699 801 803 887 legem
833 801 1101 885 promulgaverat,

81 920 147 981 qua
165 897 239 982 lege
257 917 393 981 regnum
409 894 508 960 lubae
526 897 755 979 publicaverat.
793 895 996 962 Concurrunt
1014 895 1101 978 equi·
1119 905 1135 952 5

80 999 131 1059 tes
156 995 244 1059 inter
268 1016 315 1078 00,
336 1014 440 1077 neque
466 1015 542 1058 vero
570 994 711 1078 primum
733 995 889 1078 impetum
915 998 1102 1059 nostrorum

79 1090 245 1156 Numidae
268 1090 352 1155 ferre
378 1093 562 1175 potuerunt,
590 1091 646 1154 sed
673 1091 850 1156 interfectis
878 1092 1004 1156 circiter
1031 1106 1101 1154 cxx

80 1189 202 1273 reliqui
229 1209 264 1252 se
291 1187 327 1251 in
353 1192 457 1251 castra
479 1188 519 1251 ad
547 1188 700 1272 oppidum
726 1193 921 1272 receperunt.
966 1188 1135 1253 Interimss.

80 1288 225 1352 adventu
248 1285 418 1368 longarum
439 1286 571 1349 navium
593 1284 691 1352 Curio
715 1287 918 1371 pronuntiari
946 1286 1099 1351 onerariis

79 1385 222 1450 navibus
245 1382 345 1467 iubet,
363 1403 444 1465 quae
463 1382 594 1447 stabant
613 1384 654 1447 ad
667 1382 797 1449 Uticam
817 1406 952 1448 numero
975 1384 1100 1448 circiter

81 1499 135 1568 00,
150 1503 186 1545 00
204 1480 241 1544 in
257 1479 403 1544 hostium
420 1477 608 1544 habiturum
629 1480 711 1566 loco,
735 1482 791 1565 qui
812 1503 877 1547 non
900 1503 939 1546 ex
960 1481 1099 1566 vestigio

80 1580 122 1643 ad
146 1575 264 1649 Castra
287 1573 436 1640 Cornelia
457 1598 555 1641 naves
578 1578 782 1643 traduxisset.
824 1578 893 1654 Qua
915 1579 1134 1663 pronuntia-7

80 1678 174 1742 tione
205 1674 292 1738 facta
323 1673 478 1757 temporis
509 1678 629 1757 puncto
664 1675 802 1739 sublatis
834 1677 957 1739 ancoris
990 1696 1099 1739 omnes

81 1773 215 1839 Uticam
242 1770 429 1853 relinquunt
456 1774 503 1855 et,
531 1791 594 1854 quo
622 1771 816 1855 imperatum
838 1775 897 1856 001,
922 1774 1098 1835 transeunt.

80 1872 173 1949 Quae
196 1890 248 1933 res
272 1868 416 1933 omnium
437 1890 545 1931 rerum
567 1868 661 1951 copia
683 1868 855 1951 complevit
878 1869 1058 1933 exercitum.

150 1964 270 2034 XXVI.
307 1963 368 2029 His
391 1958 497 2029 'rebus
529 1965 632 2050 gestis
665 1963 762 2030 Curio
796 1987 830 2030 se
861 1965 895 2029 in
927 1968 1032 2030 castra
1059 1967 1132 2030 adl

81 2067 267 2154 Bagradam
293 2063 407 2146 recipit
435 2066 532 2147 atque
563 2064 706 2129 universi
736 2064 893 2128 exercitus
925 2063 1099 2128 conclama-

81 2169 173 2233 tione
196 2163 372 2245 imperator
395 2161 575 2244 appellatur
592 2164 786 2244 posteroque
804 2160 855 2223 die
868 2158 995 2224 Uticam
1013 2182 1099 2226 exer-

82 2266 186 2330 citum
209 2259 298 2322 ducit
321 2261 353 2321 et
375 2279 475 2341 prope
498 2258 652 2342 oppidum
674 2260 780 2321 castra
802 2256 902 2341 ponit.
947 2254 1100 2322 Nondum
1118 2265 1133 2312 2

83 2380 181 2446 opere
204 2359 384 2421 castrorum
406 2355 546 2438 perfecto
570 2356 695 2438 equites
718 2376 757 2418 ex
786 2353 926 2418 statione
947 2356 1100 2420 nuntiant

82 2478 203 2543 magna
226 2452 346 2517 auxilia
368 2453 513 2535 equitum
536 2452 743 2535 peditumque
762 2450 802 2515 ab
822 2470 896 2534 rege
918 2452 1017 2516 missa
1031 2451 1101 2517 Uti-

82 2578 155 2621 cam
186 2550 309 2633 venire,
341 2549 514 2632 eodemque
545 2553 689 2632 tempore
721 2549 770 2612 vis
807 2568 923 2632 magna
959 2548 1100 2632 pulveris

83 2649 285 2731 cernebatur,
315 2649 347 2709 et
375 2645 513 2729 vestigio
542 2646 696 2728 temporis
723 2646 864 2729 primum
890 2666 1004 2730 agmen
1031 2651 1100 2710 erat

83 2749 119 2813 in
141 2746 324 2825 conspectu.
369 2738 524 2808 Novitate
547 2742 593 2805 rei
612 2739 710 2806 Ourio
733 2745 898 2826 permotus
921 2743 1100 2825 praemittit
1119 2748 1135 2794 3

84 2843 221 2928 equites,
245 2839 302 2922 qui
324 2838 464 2922 primum
486 2839 642 2922 impetum
666 2839 846 2903 sustineant
865 2860 901 2903 ac
922 2842 1100 2923 morentur,

84 2942 154 3025 ipse
183 2937 328 3003 celeriter
355 2935 396 2999 ab
425 2956 519 3019 opere
547 2936 698 3000 deductis
717 2935 900 3019 legionibus
927 2936 1026 2999 aciem
1054 2937 1100 2999 in·

85 3038 193 3103 struit.
229 3034 431 3119 Equitesque
448 3033 655 3098 committunt
673 3033 831 3115 proelium
849 3037 891 3117 et,
913 3033 1101 3115 priusquam
1118 3039 1137 3084 4

84 3136 180 3217 plane
204 3132 355 3217 legiones
388 3131 540 3215 explicari
571 3134 603 3193 et
636 3129 811 3194 consistere
848 3132 993 3213 possent,
1031 3133 1101 3193 tota

86 3231 207 3295 auxilia
229 3228 316 3313 regis
334 3228 488 3310 impedita
507 3249 543 3291 00
561 3226 760 3311 perturbata,
779 3226 864 3310 quod
882 3225 972 3288 nullo
992 3227 1101 3290 ordine

85 3333 118 3392 01
147 3329 216 3392 sine
243 3325 359 3389 timore
389 3325 450 3387 iter
473 3324 622 3408 fecerant,
651 3324 687 3386 in
713 3323 823 3407 fugam
853 3322 992 3386 coiciunt
1016 3325 1102 3406 equi-

87 3429 222 3508 tatuque
250 3422 337 3487 omni
363 3421 429 3484 fere
456 3420 618 3504 incolumi,
647 3419 732 3502 quod
761 3441 794 3483 se
822 3441 878 3502 per
901 3419 998 3482 litora
1025 3419 1102 3483 cele-

86 3522 165 3586 riter
198 3522 234 3584 in
261 3518 415 3601 oppidum
437 3518 561 3602 recipit,
586 3538 740 3600 magnum
768 3517 912 3598 peditum
932 3536 1102 3580 numerum

86 3618 292 3682 interficiunt.

140 3731 162 3771 c.
177 3728 282 3771 murus
297 3727 419 3770 000000.
448 3729 480 3769 11.
870 3724 885 3769 5
