2584 4075
149 235 192 298 62
499 233 548 285 66
567 232 683 285 sacco
704 232 813 286 611111

118 395 132 441 1
152 378 258 442 clusas
281 399 351 441 esse
374 382 493 462 portas.
530 377 615 441 Tum
636 376 821 441 1616611161
838 375 1033 441 interclusus
1055 375 1172 439 itinere

154 475 194 539 ad
227 473 395 539 Caesarem
427 475 531 540 mittit
562 478 710 558 paratum
741 495 775 538 se
808 495 878 538 esse
908 474 1083 558 legionem,
1118 474 1177 535 cui.

150 572 295 657 iusserit,
326 572 459 636 tradere.
504 571 565 635 Ille
593 571 633 634 ad
667 593 740 634 eum
767 570 838 636 Ser.
866 568 1035 634 Gaesarem
1066 570 1171 632 mittit

116 686 132 733 8
153 673 249 753 atque
271 668 346 733 huic
368 669 453 732 tradi
476 669 574 734 iubet.
621 667 754 731 Tradita
776 669 904 753 legione
922 667 1026 732 Varro
1050 665 1171 731 (1611111-
1269 712 1278 729 ,i

152 767 227 830 bam
249 767 289 830 ad
312 764 481 831 Caesarem
502 767 605 849 venit3
627 765 739 829 relatis
763 766 803 829 ad
833 788 907 829 eum
935 765 1075 849 publicis
1098 786 1171 828 66111

152 863 214 927 fide
246 863 436 947 rationibus,
469 863 555 946 quod
581 884 680 946 penes
708 885 782 927 eum
809 866 859 928 est
881 864 1045 948 pecuniae,
1070 862 1170 926 tradit

152 965 194 1045 61,
217 961 294 1044 quid
316 959 437 1043 ubique
459 959 578 1024 habeat
601 961 755 1024 frumenti
779 983 815 1025 ac
836 961 977 1045 navium,
997 960 1148 1024 ostendit.

117 1075 131 1120 1
218 1056 305 1121 XXI.
343 1054 461 1121 Caesar
493 1057 643 1121 contione
673 1056 787 1121 habita
818 1056 987 1122 Cordubae
1020 1057 1169 1121 omnibus

152 1154 330 1238 generatim
348 1155 469 1239 gratias
489 1156 570 1239 agit:
590 1154 715 1218 civibus
729 1153 894 1239 Romanis,
912 1155 998 1239 quod
1017 1155 1170 1238 oppidum

151 1251 188 1316 in
221 1274 279 1316 sua
305 1256 467 1336 potestate
496 1252 697 1316 studuissent
722 1250 854 1337 habere,
883 1251 1054 1336 Hispanis,
1086 1252 1171 1336 quod

153 1348 312 1432 praesidia
335 1347 544 1433 expulissent,
563 1345 742 1433 Gaditanis,
765 1349 851 1432 quod
873 1354 1007 1413 conatus
1026 1350 1169 1413 adversa-

153 1446 275 1509 riorum
294 1444 502 1529 infregissent
522 1468 655 1529 seseque
668 1447 702 1510 in
716 1446 900 1510 libertatem
912 1446 1170 1530 vindicavissent,

153 1542 294 1605 tribunis
326 1541 469 1607 militum
501 1542 821 1627 centurionibusque,
853 1544 909 1628 qui
945 1565 982 1608 eo
1019 1545 1169 1628 praesidii

154 1660 249 1703 causa
272 1642 435 1723 venerant,
457 1639 543 1721 quod
570 1661 681 1704 eorum
709 1641 843 1705 consilia
866 1664 924 1705 sua
951 1642 1076 1705 virtute
1098 1664 1169 1706 6611-

120 1755 134 1800 2
154 1738 378 1802 firmavissent.
414 1735 578 1822 Pecunias,
596 1758 677 1820 quas
696 1741 789 1800 erant
802 1737 838 1801 in
850 1737 1015 1820 publicum
1028 1736 1168 1802 Varroni

155 1835 239 1898 cives
253 1833 392 1897 Romani
415 1833 563 1918 polliciti,
580 1835 733 1919 remittit3
751 1835 837 1899 bona
854 1835 1000 1899 restituit
1017 1836 1070 1920 iis,
1080 1839 1169 1920 'quos

121 1932 287 1995 aliberius
311 1933 436 1995 locutos
459 1930 542 1994 116116
564 1952 701 2013 poenam
723 1931 838 1997 tulisse
860 1937 1063 2018 cognoverat.
1102 1934 1169 1997 Tri-

154 2028 243 2092 butis
267 2028 459 2112 quibusdam
481 2026 619 2112 publicis
637 2030 838 2114 privatisque
856 2030 1006 2115 praemiis
1027 2031 1169 2116 reliquos

153 2127 189 2189 in
214 2129 381 2208 posterum
409 2126 494 2190 bona
522 2148 578 2209 spe
604 2128 744 2210 complet
776 2128 972 2212 biduumque
1001 2127 1169 2193 Cordubae

155 2225 369 2285 commoratus
407 2220 511 2285 Gades
545 2223 774 2310 proficiscitur3
810 2227 960 2310 pecunias
995 2228 1169 2291 monimen·

155 2323 261 2401 taque,
284 2339 365 2402 quae
384 2339 422 2382 ex
441 2318 515 2380 fano
530 2317 680 2385 Herculis
699 2323 826 2386 conlata
844 2327 935 2388 erant
957 2324 993 2386 in
1009 2324 1183 2407 privatam·

120 2432 137 2479 4
155 2417 293 2500 domum,
315 2416 427 2478 referri
450 2415 485 2478 in
507 2416 664 2499 templum
686 2419 784 2483 iubet.
830 2419 1016 2484 Provinciae
1040 2420 1075 2496 Q.
1096 2420 1169 2487 Gas-

156 2514 238 2577 sium
275 2513 432 2597 praeficit,
468 2513 544 2577 huic
575 2531 612 2577 1v
643 2515 786 2598 legiones
819 2518 977 2581 attribuit.
1022 2518 1097 2602 Ipse
1129 2521 1168 2583 iis

154 2611 300 2695 naribus,
324 2632 403 2694 quas
427 2610 470 2675 M.
484 2609 588 2675 Varro
613 2634 759 2701 quasque
773 2612 925 2679 Gaditani
947 2615 1038 2679 iussu
1052 2614 1169 2682 Varro-

154 2709 205 2774 nis
228 2709 377 2794 fecerant,
399 2707 611 2788 Tarraconem
641 2711 751 2792 paucis
779 2711 891 2775 diebus
918 2712 1073 2795 pervenit.
1119 2712 1169 2776 1161

155 2806 257 2870 161166
293 2806 359 2869 fere
396 2807 553 2870 citerioris
590 2806 773 2890 provinciae
808 2806 986 2892 legationes
1024 2805 1168 2872 Gaesaris
1201 2849 1204 2852 -

121 2905 327 2969 aadventum
359 2903 594 2987 exspectabant.
640 2903 762 2968 Eadem
793 2905 918 2969 ratione
949 2904 1104 2986 privatim
1135 2927 1169 2969 66

155 3001 281 3084 publice
309 3000 502 3083 quibusdam
530 3000 715 3064 civitatibus
742 3000 864 3064 habitis
886 3000 1065 3065 honoribus
1097 3001 1169 3065 Tar·

155 3119 269 3161 racone
293 3097 425 3160 discedit
448 3097 646 3180 pedibusque
669 3094 856 3161 Narbonem
878 3101 974 3181 atque
996 3098 1070 3162 inde
1088 3098 1169 3162 Mas-

157 3195 262 3257 siliam
284 3194 436 3277 pervenit.
473 3192 525 3256 Ibi
547 3194 659 3276 legem
675 3193 713 3255 de
737 3195 892 3260 dictatore
914 3196 1014 3258 latam
1040 3218 1169 3280 seseque

156 3290 345 3354 dictatorem
367 3290 489 3353 dictum
512 3312 530 3353 a
553 3289 595 3352 M.
620 3288 740 3372 Lepido
764 3297 911 3375 praetore
935 3294 1110 3376 cognoscit.

123 3399 136 3445 1
222 3379 324 3451 XXII.
360 3385 579 3450 Massilienses
604 3387 753 3450 omnibus
777 3390 892 3453 defessi
914 3390 1018 3475 1116116,
1038 3393 1086 3455 161
1107 3393 1170 3456 fru-

156 3483 330 3544 mentariae
363 3483 402 3544 ad
435 3504 591 3544 summam
623 3483 766 3563 inopiam
797 3486 939 3570 adducti,
971 3487 1021 3550 bis
1049 3489 1170 3570 proelio

156 3574 264 3636 navali
287 3578 437 3659 superati,
460 3576 579 3639 crebris
604 3579 827 3657 eruptionibus
855 3582 929 3665 fusi,
959 3583 1051 3664 gravi
1075 3583 1172 3646 etiam
