2584 4075
163 243 205 305 66
511 241 560 295 DE
579 238 696 294 BELLO
716 236 824 293 CIVILI

126 407 139 451 1
227 385 360 451 XXVII.
397 386 548 452 Proxima
574 388 669 450 nocte
696 383 900 447 centuriones
923 380 1024 445 Marsi
1051 379 1115 442 duo
1137 398 1178 440 ex

161 483 275 548 castris
290 482 440 548 Curionis
458 505 532 547 cunr
549 480 804 565 manipularibus
824 479 892 543 suis
905 495 981 542 xxn
995 476 1036 541 ad
1048 475 1179 540 Attium

126 599 143 646 2
162 579 285 644 Varum
307 581 502 666 perfugiunt.
539 580 584 644 Hi
607 579 675 642 sire
698 598 772 641 vere
795 598 893 660 quam
909 574 1091 639 habuerant
1112 572 1179 656 opi·

160 678 290 742 nionem
316 678 357 742 ad
383 699 457 742 eum
482 676 662 761 perierunt,
704 674 770 736 sire
802 673 905 762 etiarn
934 671 1068 736 auritas
1097 667 1179 734 Vari

163 773 306 837 serviunt
329 808 372 819 -
394 793 471 837 nam
493 793 575 856 quae
596 771 757 855 volumus,
783 791 821 834 ea
850 769 1009 834 credimus
1031 767 1182 851 libenter,

162 876 299 953 atquae
327 870 483 933 sentimus
512 867 590 952 ipsi,
617 867 760 950 reliquos
788 867 907 930 sentire
939 886 1107 949 speramus
1137 902 1181 910 —
1285 902 1288 929 t

162 968 352 1031 confirmant
366 966 495 1049 quidem
512 969 597 1029 certe
614 965 717 1029 totius
734 964 893 1028 exercitus
912 963 1037 1027 animos
1057 962 1183 1026 alienos

163 1084 232 1129 esse
265 1087 284 1127 a
310 1061 449 1128 Curione
478 1062 678 1144 maximeque
706 1082 788 1144 opus
815 1082 886 1125 esse
908 1061 944 1124 in
971 1063 1182 1143 conspectum

128 1161 320 1227 sexercitus
343 1161 451 1224 venire
478 1163 511 1223 et
534 1158 746 1242 conloquendi
769 1157 844 1220 dare
867 1157 1064 1220 facultatem.
1112 1154 1184 1232 Qua

165 1259 314 1343 opinione
341 1258 496 1322 adductus
528 1255 635 1319 Varus
667 1258 798 1338 postero
833 1254 884 1317 die
915 1275 1008 1318 mane
1035 1253 1183 1339 legiones

164 1379 203 1419 ex
226 1355 340 1419 castris
368 1354 481 1418 educit.
527 1352 617 1417 Facit
644 1352 730 1415 idem
752 1349 861 1436 Curin,
889 1355 986 1435 atque
1009 1372 1076 1415 una
1097 1350 1183 1413 valle

163 1474 229 1516 non
251 1472 368 1536 magna
390 1451 558 1515 interiecta
580 1471 655 1513 suas
679 1453 815 1531 uterque
838 1449 947 1532 copias
969 1448 1115 1512 instruit.

28 1612 31 1617 .
130 1567 145 1614 1
230 1546 379 1612 XXVIII.
416 1546 498 1611 Erat
521 1547 556 1609 in
577 1546 719 1610 exercitu
741 1544 821 1609 Vari
836 1543 906 1609 Sex.
921 1543 1101 1621 Quintilius
1119 1543 1183 1609 Va·

165 1668 230 1731 rus,
253 1666 348 1729 quem
370 1644 470 1709 irrisae
484 1640 619 1709 Corfinii
638 1665 736 1727 supra
754 1643 1009 1707 demonstratum
1027 1646 1087 1707 est.
1120 1640 1184 1706 Hic

166 1743 316 1808 dimissus
348 1765 367 1807 a
399 1741 534 1807 Caesare
566 1741 601 1804 in
628 1741 771 1804 Africam
798 1742 943 1824 venerat,
974 1739 1183 1823 legionesque

166 1863 219 1904 eas
252 1840 438 1904 traduxerat
470 1837 582 1923 Curio,
614 1860 693 1922 quas
727 1837 947 1920 superioribus
979 1837 1183 1919 temporibus

168 1936 309 2002 Corfinio
332 1942 493 2021 receperat
517 1935 642 2019 Caesar,
666 1935 744 1998 adeo
767 1939 805 1998 ut
823 1935 934 2018 paucis
952 1934 1091 1998 mutatis
1114 1956 1184 1997 ren·

132 2037 351 2126 sturionibus
373 2039 458 2101 idem
477 2037 603 2101 ordines
621 2032 840 2117 manipulique
863 2035 1056 2098 constarent.
1091 2030 1185 2097 Hanc

166 2139 280 2199 nactus
304 2134 528 2218 appellationis
551 2153 680 2197 causam
693 2128 870 2205 Quintilius
894 2129 1060 2195 circumire
1085 2131 1186 2194 aciem

160 2231 317 2296 ‘Curionis
337 2236 433 2314 atque
452 2231 617 2294 obsecrare
634 2230 755 2294 milites
774 2230 889 2313 coepit,
906 2249 947 2292 ne
966 2228 1063 2311 primi
1082 2250 1186 2292 sacra-
1205 2235 1209 2240 ’

167 2328 278 2413 menti,
300 2329 387 2411 quod
409 2327 494 2411 apud
507 2325 688 2391 Domitium
706 2330 803 2409 atque
821 2325 907 2408 apud
924 2345 958 2388 se
980 2329 1186 2408 quaestorem

168 2427 334 2509 dixissent,
356 2424 542 2488 memoriam
565 2419 759 2505 deponerent
789 2445 851 2487 neu
881 2425 994 2487 contra
1016 2443 1072 2486 cos
1096 2445 1187 2488 arms

168 2525 301 2605 ferrent,
333 2521 389 2604 qui
420 2520 529 2583 eadem
560 2524 667 2583 essent
695 2520 747 2582 usi
774 2518 918 2582 Fortuna
945 2519 1120 2602 eademque
1149 2520 1185 2583 in

170 2619 335 2684 obsidione
353 2615 506 2700 perpessi,
518 2637 581 2680 neu
594 2638 653 2700 pro
671 2616 724 2680 his
742 2619 932 2700 pugnarent,
950 2637 969 2679 a
993 2616 1113 2699 quibus
1127 2638 1186 2699 per

134 2713 395 2781 scontumeliam
423 2712 575 2795 perfugae
607 2714 852 2797 appellarentur.
907 2711 981 2776 Huc
1011 2734 1115 2796 pauca
1145 2715 1186 2778 ad

171 2835 259 2897 spem
285 2809 468 2895 largitionis
496 2808 630 2895 addidit,
658 2832 739 2893 quae
767 2809 806 2873 ab
836 2832 893 2873 sua
920 2809 1128 2896 liberalitate,
1156 2810 1186 2874 si

170 2933 204 2974 se
235 2915 332 2992 atque
363 2905 493 2970 Attium
524 2907 626 2970 secuti
658 2911 778 2990 essent,
810 2911 993 2989 exspectare
1024 2906 1187 2972 deberent.

134 3007 240 3072 4Hac
270 3004 383 3069 habita
417 3003 560 3066 oratione
590 3003 713 3067 nullam
746 3004 780 3066 in
810 3008 935 3087 partem
968 3002 1008 3067 ab
1044 3004 1187 3068 exercitu

171 3102 319 3168 Curionis
343 3101 381 3164 fit
405 3099 607 3185 significatio,
630 3105 726 3184 atque
749 3100 796 3164 ita
819 3121 893 3165 suas
919 3104 1054 3183 uterque
1077 3101 1188 3185 copias

171 3201 300 3265 reducit.
389 3233 393 3239 ·

136 3311 151 3357 1
236 3295 402 3361 XXVIIII.
439 3294 484 3359 At
507 3295 542 3358 in
565 3294 679 3358 castris
704 3292 853 3358 Curionis
876 3312 1013 3377 magnus
1043 3293 1187 3357 omnium

171 3394 302 3458 incessit
324 3394 422 3457 timor
445 3392 577 3476 animia,
604 3392 633 3455 is
661 3391 760 3454 variis
787 3390 952 3454 hominum
984 3392 1189 3454 sermonibus

173 3490 317 3553 celeriter
340 3494 484 3572 augetur.
527 3487 758 3570 Unusquisque
785 3487 870 3549 enim
898 3486 1066 3568 opiniones
1089 3488 1188 3570 finge-

172 3586 229 3649 bat
249 3589 280 3648 et
300 3585 339 3648 ad
356 3585 399 3670 id,
417 3585 503 3669 quod
522 3585 561 3647 ab
582 3584 643 3646 alio
665 3583 817 3665 audierat,
841 3581 891 3643 sui
914 3582 1036 3664 aliquid
1059 3583 1190 3647 timoris
