2584 4075
177 212 219 273 26
525 208 573 261 DE
592 207 708 262 BELLO
728 207 837 261 CIVILI

177 352 298 438 triplici
321 352 479 417 instructa
508 354 573 417 acie
605 352 645 416 ad
672 351 809 416 Herdam
832 351 1047 435 proficiscitur
1077 355 1110 414 et
1135 350 1195 413 sub

178 451 293 515 castris
325 449 453 514 Afranii
484 450 633 514 consistit
666 453 699 513 et
730 449 777 512 ibi
808 448 972 532 paulisper
1000 449 1061 512 sub
1096 447 1194 511 almis

178 552 323 613 moratus
347 548 424 611 facit
447 569 548 631 aequo
571 548 642 611 loco
666 546 830 631 pugnandi
853 551 1055 630 potestatem.
1103 542 1196 609 Pote-

181 650 266 711 state
293 646 377 709 facta
395 643 557 712 Afranius
585 644 693 727 copias
722 644 826 707 educit
854 648 886 707 et
915 644 951 707 in
977 643 1083 707 medio
1117 643 1198 706 colle

147 744 242 811 asub
266 743 379 807 castris
408 743 585 806 constituit.
623 740 740 805 Caesar
765 741 822 804 ubi
846 742 998 825 cognovit
1020 763 1078 824 per
1107 740 1202 830 Aira-¹

181 841 270 904 nium
302 843 400 925 stare,
432 839 602 922 quominus
630 839 753 923 proelio
777 839 990 925 dimicaretur,
1013 839 1054 901 ab
1077 839 1197 902 infimis

182 936 342 999 radicibus
356 936 476 1000 montis
490 936 683 999 intermissis
698 936 825 999 circiter
834 931 984 1019 passibus
995 952 1082 1000 cccc
1092 940 1198 999 castra

63 1039 66 1043 ⁴
146 1034 285 1101 rfaoere
312 1034 482 1097 constituit
509 1037 556 1119 et,
581 1055 621 1096 ue
645 1033 680 1096 in
709 1054 803 1116 opere
831 1032 975 1096 iaciendo
1002 1033 1125 1096 milites
1152 1054 1199 1095 re·

182 1131 314 1215 pentino
346 1130 489 1195 hostium
526 1131 656 1194 incursu
698 1134 932 1193 exterrerentur
969 1134 1066 1213 atque
1103 1152 1198 1214 opere

183 1228 439 1313 prohiberentur,
457 1228 542 1291 vallo
560 1228 680 1291 muniri
694 1228 807 1312 vetuit,
822 1228 908 1311 quod
922 1227 1061 1290 eminere
1080 1232 1114 1290 et
1128 1250 1198 1311 pro·
1279 1215 1280 1218 ¹

184 1326 235 1388 cul
262 1325 363 1388 videri
389 1345 517 1388 necesse
545 1329 627 1409 erat,
657 1324 712 1387 sed
738 1348 757 1388 a
788 1326 895 1416 fronte
927 1329 1039 1388 contra
1070 1324 1198 1389 hostem

149 1442 165 1489 o
185 1422 299 1504 pedum
322 1440 370 1485 xv
392 1422 514 1485 fossam
536 1421 606 1485 fieri
627 1422 731 1485 iussit.
767 1419 875 1485 Prima
898 1424 930 1484 et
953 1422 1092 1485 secunda
1116 1424 1197 1487 acies

185 1520 219 1582 in
237 1518 344 1604 armis,
362 1523 398 1582 ut
418 1519 457 1582 ab
476 1518 571 1581 initio
591 1519 768 1582 constituta
786 1523 865 1603 erat,
882 1520 1105 1605 permanebat,
1125 1526 1198 1604 post

184 1617 244 1681 hos
274 1639 353 1700 opus
381 1616 417 1680 in
444 1617 568 1680 occulto
597 1638 616 1679 a
648 1615 745 1678 tertia
778 1615 844 1679 acie
871 1615 976 1679 fiebat.
1024 1614 1078 1680 Sic
1106 1640 1198 1682 omne

186 1714 275 1797 prius
299 1718 348 1777 est
370 1715 547 1797 perfectum
566 1734 657 1796 opus,
675 1734 771 1794 quam
788 1712 1030 1796 intellegeretur
1048 1716 1090 1778 ab
1107 1714 1198 1780 Afra·

151 1815 240 1879 onio
268 1817 373 1876 castra
400 1811 526 1875 muniri.
573 1807 640 1873 Sub
668 1831 835 1891 vesperum
862 1806 979 1872 Caesar
1007 1811 1094 1875 intra
1118 1812 1199 1877 hauc

186 1913 305 1975 fossam
329 1910 471 1995 legiones
499 1907 621 1972 reducit
650 1910 746 1989 atque
768 1905 815 1969 ibi
843 1906 903 1969 sub
928 1907 1025 1970 armis
1051 1911 1199 1993 proxima

186 2011 279 2070 nocte
303 2007 508 2089 conquiescit.

153 2120 167 2167 1
252 2102 414 2166 XXXXH.
450 2103 584 2167 Postero
608 2102 658 2165 die
682 2123 807 2166 omnem
830 2103 1005 2166 exereitum
1027 2104 1116 2167 intra
1139 2106 1200 2170 fos·

188 2222 257 2263 sam
279 2199 422 2263 continet
445 2204 486 2284 et,
509 2200 594 2283 quod
616 2199 745 2283 longius
769 2204 837 2262 erat
861 2220 958 2284 agger
981 2202 1150 2288 petendus,
1167 2204 1200 2266 in

188 2296 368 2379 praesentia
387 2296 522 2358 similem
541 2296 700 2359 rationem
719 2297 824 2379 operis
843 2297 987 2360 instituit
1008 2298 1200 2385 singulaque

187 2394 289 2457 latera
307 2396 486 2456 castrorum
505 2391 640 2476 singulis
660 2393 811 2457 attribuit
828 2394 1010 2478 legionibus
1029 2397 1200 2461 munienda

188 2493 354 2574 fossasque
378 2490 418 2553 ad
441 2490 571 2553 eandem
593 2491 852 2573 magnitudinem
869 2491 978 2574 perfici
1001 2492 1106 2578 iubet3
1130 2495 1201 2557 reli·

191 2612 269 2674 quas
292 2588 435 2672 legiones
457 2588 493 2650 in
511 2587 607 2651 armis
626 2588 791 2670 expeditas
809 2593 920 2651 contra
937 2589 1066 2653 hostem
1085 2592 1200 2655 cousti-

155 2703 171 2749 ‘r
190 2687 262 2751 tuit.
308 2685 460 2749 Afranius
479 2685 688 2768 Petreiusque
706 2683 847 2748 terrendi
865 2706 960 2747 causa
978 2688 1075 2767 atque
1095 2689 1200 2771 operis

189 2782 381 2867 impediendi
405 2783 513 2865 copias
535 2804 611 2845 suas
634 2781 674 2844 ad
697 2781 823 2844 infimas
846 2781 965 2875 montis
984 2780 1107 2847 radices
1131 2806 1201 2868 pro·

190 2882 309 2944 ducunt
333 2882 364 2941 et
387 2879 509 2962 proelio
531 2879 702 2962 lacessunt,
723 2899 826 2961 neque
848 2878 964 2942 idcirco
983 2876 1102 2943 Caesar
1121 2903 1200 2966 opus

190 2977 377 3041 intermittit
396 2977 535 3040 confisus
554 2975 712 3059 praesidio
735 2975 900 3059 legionum
922 2975 1021 3039 trium
1044 2982 1077 3040 et
1099 2981 1202 3047 muni-

155 3090 171 3137 3
191 3075 279 3138 tione
302 3073 415 3136 fossae.
460 3071 514 3136 llli
535 3093 602 3135 non
629 3072 684 3134 diu
714 3073 901 3136 commorati
923 3093 981 3135 nco
1007 3072 1137 3158 longius
1162 3077 1200 3140 ab

156 3187 173 3234 4
191 3172 301 3235 infimo
321 3170 401 3234 colle
419 3169 582 3256 progressi
601 3169 708 3251 copias
727 3169 761 3231 in
780 3174 884 3233 castra
898 3170 1060 3234 reducunt.
1092 3172 1201 3237 Tertio

191 3272 241 3335 die
269 3269 386 3334 Caesar
413 3269 497 3332 vallo
526 3270 631 3331 eastra
659 3267 847 3352 communit,
874 3267 1013 3350 reliquas
1043 3270 1202 3357 cohortes,

192 3391 270 3452 quas
289 3369 325 3431 in
343 3367 562 3450 superioribus
581 3363 696 3428 castris
714 3364 896 3449 reliquerat,
913 3364 1202 3452 impedimentaque

192 3466 232 3528 ad
255 3487 288 3528 se
311 3464 435 3527 traduci
457 3464 555 3526 iubet.

160 3575 171 3616 1
259 3558 437 3651 XXXXlll.
474 3558 555 3622 Erat
582 3559 667 3622 inter
696 3558 848 3641 oppidum
874 3557 1011 3620 Ilerdam
1038 3564 1071 3622 et
1098 3564 1202 3644 proxi·
