2584 4075
304 248 416 304 ΟΟΜΜ.
436 250 483 303 ΠΙ,
522 247 598 305 CAP.
617 250 893 306 XXXlH—XXXVI.
1064 248 1105 316 97

89 394 158 457 citu
192 393 300 459 venire
333 394 501 477 omniaque
533 398 607 478 post
640 394 692 479 [ea
723 394 818 478 quae]
850 395 990 459 haberet.
1043 395 1141 459 His2

89 490 212 554 litteris
242 491 389 576 acceptis,
417 513 497 574 quos
527 492 744 576 advocaverat,
772 493 920 576 dimittit,
948 493 1018 575 ipse
1045 494 1107 556 iter

88 589 126 650 in
158 587 379 651 Macedoniam
410 611 523 670 parare
553 588 667 672 incipit
694 588 867 672 paucisque
896 592 971 671 post
995 587 1106 651 diebus

89 688 142 747 est
174 684 346 766 profectus.
391 683 480 747 Haec
511 706 562 749 res
594 685 755 769 Ephesiae
786 686 938 769 pecuniae
971 685 1108 748 salutem

88 781 214 845 attulit.

158 877 325 942 XXXHH.
363 876 480 943 Caesar
515 877 652 943 Antonii
684 879 825 943 exercitu
857 879 1027 943 coniuncto
1057 879 1140 942 der

89 976 189 1039 ducta
204 972 299 1039 Orico
313 976 448 1060 legione,
465 974 562 1058 quam
576 976 712 1039 tuendae
732 998 805 1040 orac
819 976 999 1039 maritimae
1013 997 1107 1040 causa

89 1073 136 1135 aba
168 1075 335 1156 posuerat,
365 1072 567 1155 temptandas
602 1073 665 1136 sibi
697 1073 877 1156 provincias
914 1074 1108 1157 longiusque

90 1169 329 1252 procedendum
352 1168 570 1253 existimabat,
587 1175 625 1233 et
649 1193 721 1234 cum
744 1172 784 1234 ad
813 1193 885 1235 eum
912 1193 951 1235 ex
973 1170 1141 1234 Thessa-‘2

89 1268 136 1330 lia
168 1265 361 1349 Aetoliaque
392 1267 493 1351 legati
523 1268 699 1352 venissent,
735 1268 790 1352 qui
817 1268 976 1350 praesidio
1006 1268 1106 1330 misso

90 1365 321 1448 pollicerentur
345 1386 454 1427 earum
476 1365 621 1448 gentium
649 1365 795 1429 civitates
824 1366 981 1449 imperata
1006 1365 1107 1429 factu-

91 1483 155 1545 ras,
178 1460 214 1524 L.
238 1457 385 1524 Cassium
407 1459 590 1545 Longinum
613 1483 685 1525 cum
703 1462 830 1546 legione
851 1464 1004 1547 tironum,
1027 1483 1107 1545 quae

91 1558 317 1642 appellabatur
339 1575 447 1642 XXVII,
470 1563 566 1642 atque
589 1559 753 1641 equitibus
778 1577 819 1623 cc
842 1560 877 1622 in
900 1559 1107 1642 Thessaliam,

93 1653 127 1718 O.
162 1652 339 1717 Calvisium
373 1653 528 1718 Sabinum
560 1677 631 1719 cum
664 1656 851 1719 cohortibus
882 1674 906 1718 v
935 1656 1107 1739 paucisque

92 1751 259 1834 equitibus
281 1752 317 1814 in
339 1751 501 1815 Aetoliam
523 1752 626 1835 misit,
653 1752 791 1815 maxime
821 1774 884 1836 eos,
908 1752 994 1835 quod
1016 1755 1107 1814 erant

92 1848 293 1931 propinquae
316 1848 472 1932 regiones,
496 1849 533 1911 de
551 1871 586 1912 re
603 1849 814 1912 frumentaria
837 1854 874 1911 ut
894 1849 1107 1933 providerent,

92 1945 243 2009 hortatus
268 1949 324 2009 est.
362 1943 418 2009 Cn.
435 1943 616 2009 Domitium
639 1944 808 2009 Calvinum
831 1967 903 2010 cum
925 1946 1106 2030 legionibus
1126 1963 1141 2009 3

94 2044 229 2127 duabus,
250 2061 288 2106 xl
311 2047 343 2107 et
365 2061 425 2127 ΧΠ,
448 2047 480 2107 et
504 2043 667 2126 equitibus
690 2061 714 2106 D
737 2044 771 2106 in
794 2043 1013 2107 Macedoniam
1036 2064 1108 2125 pro·

93 2140 193 2205 ficisci
215 2141 326 2226 iussit,
349 2141 439 2204 cuius
463 2140 645 2223 provinciae
665 2140 704 2203 ab
725 2161 761 2204 ea
779 2144 880 2226 parte,
903 2162 984 2224 quae
1005 2140 1107 2204 libera
1126 2161 1142 2205 4

94 2237 331 2323 appellabatur,
362 2237 581 2321 Menedemus,
612 2237 760 2320 princeps
791 2259 899 2300 earum
931 2238 1108 2321 regionum,

93 2337 212 2400 missus
236 2335 363 2419 legatus
388 2336 531 2398 omnium
551 2355 683 2396 suorum
702 2333 857 2397 excellens
876 2334 1018 2397 studium
1036 2356 1107 2417 pro-

93 2432 255 2496 fitebatur.

160 2525 294 2592 XXXV.
335 2526 386 2590 Ex
412 2527 464 2590 his
493 2525 652 2591 Calvisius
679 2528 782 2611 primo
813 2529 951 2592 adventu
983 2548 1140 2592 summar

93 2626 239 2689 omnium
265 2622 456 2688 Aetolorum
483 2629 628 2708 receptus
656 2626 823 2688 voluntate
854 2626 1022 2709 praesidiis
1056 2626 1107 2688 ad·

93 2723 309 2787 versariorum
323 2719 486 2803 Calydone
509 2725 540 2785 et
559 2719 727 2804 Naupacto
752 2723 882 2786 deiectis
906 2722 993 2787 omni
1011 2721 1107 2785 Aeto-

93 2821 137 2885 lia
164 2820 290 2903 potitus
322 2822 379 2881 est.
426 2816 556 2882 Cassius
583 2819 618 2881 in
645 2817 845 2882 Thessaliam
877 2841 949 2882 cum
979 2818 1140 2902 legionen

92 2916 248 3000 pervenit.
285 2914 348 2979 Hic
371 2937 443 2979 curn
465 2921 571 2979 essent
594 2915 750 2979 factiones
774 2917 863 3000 duae,
885 2916 973 2978 varia
995 2916 1107 2978 volun·
1205 2901 1209 2910 ¹

92 3016 162 3076 tate
193 3013 361 3076 civitatum
397 3013 562 3076 utebatur:
599 3012 828 3097 Hegesaretos,
860 3013 977 3075 veteris
1009 3012 1106 3074 homo

94 3109 266 3194 potentiae,
279 3107 482 3193 Pompeianis
497 3110 593 3173 rebus
609 3111 771 3194 studebat,
785 3109 947 3194 Petraeus,
967 3132 1107 3173 summae

93 3206 276 3269 nobilitatis
300 3206 493 3290 adulescens,
517 3208 584 3269 suis
604 3228 639 3270 ao
659 3230 790 3271 suorum
810 3207 924 3289 opibus
940 3204 1107 3269 Caesarem

93 3304 186 3370 enixe
208 3303 347 3366 iuvabat.

159 3398 308 3464 XXXVI.
345 3399 531 3484 Eodemque
554 3405 698 3484 tempore
720 3400 883 3464 Domitius
907 3401 940 3463 in
964 3399 1141 3465 Macedo-1

93 3498 180 3561 niam
202 3497 303 3581 venit,
328 3502 359 3560 et
382 3519 455 3562 cum
478 3500 517 3561 ad
541 3520 614 3561 eum
631 3499 815 3581 frequentes
834 3498 1001 3561 civitatum
1023 3498 1107 3582 lega-

93 3594 198 3658 tiones
240 3595 408 3658 convenire
450 3595 644 3680 coepissent,
683 3594 868 3658 nuntiatum
908 3597 957 3657 est
999 3596 1108 3659 adesse

149 3708 172 3748 c.
187 3706 293 3748 ramus
308 3706 431 3748 ornsaa.
459 3708 490 3748 11.
879 3703 893 3749 v
