2584 4075
421 244 534 301 COMM.
553 247 574 301 I.
612 246 689 302 ΟΑΡ.
708 248 790 302 I-v.
1091 250 1112 312 5

95 391 268 456 auctoritas
288 390 439 475 consulis,
458 388 627 477 Scipionis,
646 389 779 457 Catonis
800 393 983 476 opponitur.
1021 391 1114 457 Cato·

95 509 169 550 nem
177 490 305 550 veteres
315 487 502 551 inimicitiae
510 485 656 552 Caesaris
665 490 802 554 incitant
817 494 848 553 et
859 490 950 554 dolor
958 490 1113 572 repulsae.

96 583 256 648 Lentulus
281 584 363 647 aeris
387 584 483 648 alieni
505 585 728 670 magnitudine
756 590 788 650 et
818 586 1148 669 111111111111111

97 681 340 765 provinciarum
374 684 407 744 et
442 702 555 766 regum
591 684 854 766 appellandorum
884 682 1113 768 largitionibus

97 782 248 844 movetur
275 800 370 861 seque
400 778 536 843 alterurn
557 780 627 844 fore
652 778 775 845 Sullam
796 782 881 846 inter
900 801 975 844 suos
999 779 1115 865 gloria-

98 882 161 963 tur,
184 877 225 940 ad
249 898 345 959 quem
363 897 488 939 summa
505 876 632 960 imperii
650 878 766 943 redeat.
805 876 986 962 Scipionem
1004 877 1114 941 eadem
1132 895 1148 941 3

99 996 171 1057 spes
194 972 379 1056 provinciae
403 977 498 1056 atque
517 974 714 1038 exercituum
731 973 879 1057 impellit,
902 993 983 1055 quos
1003 993 1036 1035 se
1054 993 1113 1055 pro

97 1068 334 1135 necessitudine
352 1069 548 1152 partiturum
562 1093 635 1136 cunr
647 1071 800 1155 Pompeio
816 1071 1002 1153 arbitratur,
1018 1069 1115 1133 simul

98 1166 294 1231 iudiciorum
314 1169 419 1230 metus
447 1171 544 1251 atquc
567 1169 741 1233 ostentatio
767 1169 817 1233 sui
840 1172 872 1232 et
896 1166 1037 1231 adulatio
1060 1189 1115 1251 po·

98 1265 253 1350 tentium,
282 1264 337 1347 qui
363 1264 399 1328 in
425 1265 589 1347 republica
613 1266 806 1351 iudiciisque
839 1271 910 1329 tum
941 1265 1116 1348 plurimum

98 1363 277 1446 pollebant.
313 1360 386 1445 Ipse
399 1360 571 1445 Pompeius
590 1364 630 1428 ab
649 1364 788 1428 inimicis
800 1361 945 1428 Caesaris
959 1361 1113 1424 incitatus
1133 1383 1149 1428 1

99 1464 140 1547 et,
168 1458 258 1543 quod
279 1458 439 1523 neminem
465 1459 622 1544 dignitate
651 1483 758 1525 secum
784 1460 955 1544 exaequari
977 1459 1116 1545 volebat,

100 1561 209 1622 totum
232 1578 268 1620 se
291 1557 331 1620 ab
354 1556 423 1620 eius
446 1556 588 1621 amicitia
612 1562 770 1622 averterat
793 1561 825 1621 et
848 1580 921 1622 cum
943 1556 1116 1621 communi-

100 1656 161 1719 bus
179 1653 321 1718 inimicis
339 1654 376 1717 in
393 1654 532 1738 gratiam
549 1655 696 1741 redierat,
709 1675 846 1737 quorum
861 1654 930 1736 ipse
943 1654 1116 1717 maximam

100 1756 227 1837 partem
267 1751 324 1815 illo
362 1751 538 1814 adfinitatis
575 1754 719 1835 tempore
754 1751 937 1819 iniunxerat
974 1748 1114 1832 Caesari,

101 1851 200 1915 simul
230 1848 365 1913 infamia
396 1849 532 1912 duarum
562 1849 727 1933 legionum
757 1849 937 1930 permotus,
965 1867 1044 1929 quas
1075 1845 1150 1908 abo

100 1948 218 2012 itinere
245 1943 343 2009 Asiae
370 1942 544 2029 Syriaeque
576 1946 616 2009 ad
648 1968 739 2009 suam
764 1942 945 2027 potentiam
976 1941 1116 2005 domina-

100 2051 237 2129 tumque
260 2046 470 2129 converterat,
493 2065 560 2107 rem
582 2044 622 2107 ad
645 2065 733 2107 anna
755 2040 866 2104 deduci
890 2040 1048 2103 studebat.

168 2140 209 2219 V.
246 2139 308 2203 His
331 2140 369 2204 de
388 2140 493 2204 causis
511 2144 652 2225 aguntur
671 2139 778 2204 omnia
796 2137 915 2221 raptim
936 2141 1032 2221 atque
1051 2142 1116 2200 tur·
1137 2148 1151 2195 1

101 2243 186 2307 bate.
228 2236 297 2302 Nec
324 2238 456 2302 docendi
484 2235 628 2301 Caesaris
657 2237 848 2321 propinquis
878 2236 946 2299 eius
977 2235 1118 2318 spatium

102 2341 199 2403 datur
222 2358 282 2400 nec
303 2335 444 2399 tribunis
462 2334 567 2417 plebis
586 2334 637 2398 sui
655 2333 789 2416 periculi
807 2333 995 2416 deprecandi
1014 2353 1118 2415 nequa

102 2438 203 2501 ctiam
231 2432 367 2497 extremi
392 2432 473 2495 iuris
500 2429 740 2495 intercessionis
767 2430 939 2516 retinendi,
967 2430 1052 2513 quod
1083 2427 1118 2492 L.

104 2533 196 2599 Sulla
217 2530 401 2615 reliquerat,
421 2528 559 2592 facultas
586 2528 756 2612 tribuitur,
783 2527 838 2590 sed
867 2527 905 2590 de
934 2547 992 2589 sua
1015 2526 1153 2590 salutes

103 2630 244 2715 septimo
263 2627 313 2690 die
332 2626 473 2710 cogitare
492 2628 661 2711 coguntur,
680 2625 766 2708 quod
783 2623 832 2687 illi
849 2623 1119 2687 turbulentissimi

104 2725 328 2813 superioribus
351 2723 552 2806 temporibus
575 2721 700 2787 tribuni
723 2721 827 2804 plebis
844 2726 918 2802 post
939 2723 1011 2784 octo
1035 2719 1119 2782 deni·

105 2830 167 2912 que
185 2844 312 2890 menses
330 2820 491 2886 variarum
509 2820 673 2885 actionum
690 2818 847 2901 respicere
866 2839 902 2881 ac
918 2817 1030 2880 timere
1048 2838 1120 2880 con-

105 2925 247 2990 suerant.
283 2917 474 2983 Decurritur
492 2918 531 2981 ad
549 2917 630 2980 illud
652 2918 831 2979 extremum
851 2915 947 2996 atquc
970 2912 1121 2975 ultimum
1139 2924 1155 2971 3

105 3017 432 3100 senatusconsultum,
450 3036 513 3099 quo
531 3013 596 3078 nisi
614 3034 714 3097 paene
727 3010 846 3093 inipso
866 3008 956 3072 urbis
975 3008 1120 3072 incendio

106 3123 204 3202 atque
218 3116 255 3178 in
267 3112 487 3195 desperatione
502 3112 645 3175 omnium
664 3108 779 3174 salutis
796 3113 826 3172 et
841 3108 878 3170 irc
895 3126 1018 3170 summo
1034 3105 1093 3168 scel
1109 3141 1122 3151 -

106 3220 254 3280 ratorum
282 3209 412 3274 audacia
438 3231 615 3293 numquam
641 3211 716 3271 ante
738 3206 925 3269 descensum
952 3205 1014 3264 est:
1047 3201 1122 3264 dent

107 3333 240 3398 operam
262 3307 419 3393 consules,
440 3310 614 3392 praetores,
635 3303 760 3369 tribuni
782 3299 896 3385 plebis,
926 3297 1045 3381 quique
1061 3320 1123 3379 pro

107 3408 296 3475 consulibus
316 3404 381 3468 sint
400 3404 439 3467 ad
457 3404 578 3489 urbem,
594 3424 635 3466 ne
650 3400 728 3485 quid
741 3396 921 3481 respublica
939 3393 1123 3459 detrimenti

107 3507 223 3592 capiat.
260 3501 349 3568 Haec
371 3501 650 3566 senatusconsulto
680 3495 923 3580 perscribuntur
951 3513 977 3554 a.
1005 3490 1034 3556 d.
1065 3502 1162 3558 vnn

108 3605 152 3671 Id.
175 3602 244 3668 Ian
294 3599 408 3681 Itaque
431 3617 455 3662 v
476 3597 588 3680 primis
611 3594 734 3679 diebus,
762 3591 878 3676 quibus
900 3587 1013 3651 haberi
1037 3611 1125 3654 sena-
