2584 4075
353 917 733 998 COMMENTARIUS
761 915 1020 989 SECUNDUS.

150 1242 164 1287 1
250 1221 274 1285 I.
310 1219 397 1284 Dum
418 1219 497 1283 haee
523 1218 558 1282 in
584 1214 744 1298 Hispania
766 1216 942 1304 geruntur&
958 1209 993 1276 G.
1016 1211 1198 1277 Trebonius

183 1319 320 1402 legatus,
343 1316 399 1399 qui
422 1316 461 1378 ad
485 1312 758 1398 oppugnationem
779 1308 941 1373 Massiliae
963 1308 1098 1373 relictus
1122 1314 1199 1394 erat,

185 1414 307 1477 duabus
331 1434 370 1475 ex
388 1411 535 1495 partibus
555 1429 713 1493 aggerem,
730 1407 839 1470 vineas
858 1410 1028 1488 turresque
1047 1406 1089 1469 ad
1111 1408 1198 1491 oppi-

150 1510 261 1575 adum
284 1527 377 1591 agere
398 1506 550 1570 instituit.
596 1503 671 1568 Una
698 1508 766 1568 erat
793 1504 939 1588 proxima
966 1503 1078 1586 portui
1105 1526 1199 1568 nava·

184 1606 343 1689 libusque,
366 1604 466 1667 altera
493 1603 534 1666 ad
560 1606 701 1687 portam,
728 1624 792 1684 qua
819 1605 868 1665 est
895 1599 1001 1663 aditus
1030 1621 1070 1663 ex
1095 1598 1199 1664 Gallia

186 1707 281 1787 atque
308 1700 479 1784 Hispania,
503 1700 542 1763 ad
568 1700 601 1782 id
623 1717 720 1783 mare,
747 1699 832 1782 quod
860 1696 981 1761 adiacet
1010 1696 1049 1759 ad
1079 1697 1199 1776 ostium

150 1821 166 1866 a
184 1799 341 1864 Rhodani.
377 1798 522 1863 Massilia
545 1797 629 1861 enim
652 1796 718 1858 fere
739 1794 845 1857 tribus
864 1816 903 1857 ex
922 1792 1031 1876 oppidi
1050 1793 1199 1876 partibus

185 1899 266 1963 mari
288 1897 442 1979 adluitur3
466 1895 589 1978 reliqua
616 1897 732 1976 quarta
759 1895 818 1976 est,
841 1913 922 1974 quae
952 1890 1078 1953 aditum
1100 1890 1199 1956 habet

186 2019 204 2060 a
227 2000 319 2059 terra.
361 1993 466 2057 Huius
490 2014 617 2076 quoque
640 1989 738 2074 spatii
756 2010 831 2072 pars
855 2010 902 2074 ea,
924 2008 1005 2071 quae
1028 1987 1069 2051 ad
1094 2010 1199 2054 arcem

185 2092 334 2177 pertinet,
355 2091 419 2154 looi
440 2094 557 2154 natura
580 2094 612 2153 et
634 2087 719 2151 valle
742 2085 900 2149 altissima
919 2085 1045 2149 munita
1067 2086 1201 2172 longam

151 2207 168 2253 4
187 2193 219 2252 et
242 2187 404 2250 difficilem
425 2186 523 2250 habet
547 2184 828 2269 oppugnationem.
874 2179 925 2246 Ad
948 2204 985 2245 ea
1007 2178 1201 2265 perficienda

187 2306 282 2368 opera
305 2281 339 2347 O.
362 2283 541 2346 Trebonius
564 2303 714 2366 magnam
736 2281 955 2344 iumentorum
977 2282 1076 2361 atque
1100 2280 1201 2344 homi·

185 2402 263 2443 num
285 2379 525 2443 multitudinem
553 2402 592 2442 ex
620 2379 708 2443 omni
736 2377 901 2460 provincia
928 2380 1053 2461 evocat3
1080 2377 1201 2441 vimina

186 2477 415 2558 materiamque
451 2477 646 2560 comportari
686 2476 784 2539 iubet.
839 2472 963 2548 Qurbus
1005 2475 1201 2557 comparatis

186 2574 282 2638 rebus
306 2594 455 2657 aggerem
472 2574 508 2636 in
530 2574 736 2638 altitudinem
758 2572 874 2656 pedum
898 2589 994 2635 Lxxx
1017 2574 1167 2637 exstruit.

153 2692 166 2737 1
252 2671 293 2736 Π.
327 2668 388 2734 Sed
414 2671 499 2734 tanti
526 2675 617 2735 erant
645 2670 825 2753 antiquitus
848 2670 884 2734 in
911 2670 1027 2753 oppido
1057 2671 1202 2734 omnium

187 2790 294 2833 rerum
312 2766 352 2829 ad
369 2766 490 2829 bellum
509 2770 681 2850 apparatus
699 2771 855 2850 tantaque
873 2766 1048 2831 multitudo
1063 2770 1202 2831 tormen·

187 2871 303 2950 torum,
321 2868 358 2927 ut
377 2884 488 2926 eorum
505 2862 572 2925 vim
589 2863 697 2926 nullae
711 2865 879 2926 contextae
895 2861 1070 2926 viminibus
1089 2864 1202 2926 vineae

152 2960 345 3027 nsbstinero
372 2963 513 3043 possent.
559 2960 693 3023 Asseros
722 2958 807 3020 enim
839 2958 956 3040 pedum
986 2974 1037 3019 ΧΠ
1065 2959 1203 3042 cuspidi-

188 3061 248 3123 bus
276 3058 409 3142 praefixi
437 3060 533 3139 atquo
559 3057 595 3120 hi
622 3055 770 3120 maximis
798 3054 939 3118 ballistis
963 3053 1055 3117 missi
1083 3077 1142 3138 per
1168 3074 1204 3120 lv

153 3174 169 3219 3
189 3157 315 3219 ordines
334 3155 470 3219 cratium
488 3155 523 3216 in
540 3157 626 3217 terra
640 3152 869 3235 deligebantur.
906 3151 1020 3234 Itaque
1034 3151 1205 3234 pedalibus

187 3252 285 3336 lignis
310 3251 487 3316 coniunctis
510 3251 594 3313 inter
618 3271 652 3313 se
675 3249 818 3332 porticus
841 3248 1081 3334 integebantur‚
1106 3253 1205 3332 atque

153 3348 248 3411 nhao
272 3368 369 3431 agger
391 3349 476 3410 inter
499 3368 611 3409 manus
639 3345 870 3427 proferebatur.
916 3345 1137 3409 Antecedebat
1161 3351 1206 3409 te·

189 3441 283 3503 studo
316 3442 432 3521 pedum
464 3458 512 3502 Lx
544 3441 700 3521 aequandi
727 3440 789 3503 loei
819 3462 914 3505 eausa
940 3442 1026 3505 faeta
1053 3442 1134 3506 item
1168 3465 1206 3506 ex

188 3533 374 3596 fortissimis
406 3535 519 3617 lignis,
550 3536 722 3597 convoluta
754 3523 903 3600 omnibus
934 3537 1047 3623 rebus,
1086 3539 1208 3621 quibus

1045 3644 1050 3667 l
