2584 4075
192 263 235 328 96
383 230 389 240 ’
545 263 594 316 us
613 262 729 317 canno
750 261 860 317 civim

192 407 423 472 firmandorum
463 407 604 471 militum
645 429 741 471 causa
777 406 972 490 diripiendas
1007 405 1060 470 his
1103 405 1209 470 civita·
1278 422 1279 499 l

192 509 241 569 tes
265 504 360 569 dedit.
1278 520 1279 567 l

159 618 172 665 1
259 600 393 667 XXXII.
433 600 567 665 Interim
607 602 811 666 acerbissime
847 601 1022 684 imperatae
1058 600 1210 684 pecuniae

193 702 264 763 tota
286 700 452 782 provincia
470 699 690 784 exigebantur.
727 695 834 761 Multa
851 701 1016 781 praeterea
1033 697 1210 782 generatim

159 813 175 859 a
195 796 234 859 ad
257 796 425 859 avaritiam
448 795 722 881 excogitabantur.
763 793 804 858 In
826 795 933 878 capita
956 795 1085 880 singula
1108 816 1211 858 servo·

194 914 266 956 rum
294 914 330 956 ac
357 892 533 957 liberorum
555 892 716 956 tributum
738 891 979 979 imponebatur3
1006 892 1211 976 columnaria,
1273 900 1279 935 l

101 1047 105 1054 .
195 988 337 1074 ostiaria,
359 990 567 1075 frumentum,
588 988 718 1073 milites,
741 1011 840 1074 arma,
866 991 1014 1076 remiges,
1042 992 1211 1072 tormenta,

193 1090 342 1151 vecturae
364 1086 619 1172 imperabantur3
642 1086 734 1150 cuius
753 1086 850 1151 modo
868 1086 916 1151 rei
937 1109 1057 1152 nomen
1078 1086 1211 1171 reperiri
1278 1104 1279 1113 ¹

194 1187 331 1268 poterat,
353 1183 416 1248 boc
434 1185 514 1248 satis
533 1205 602 1248 esse
621 1184 662 1248 ad
679 1184 837 1268 cogendas
859 1185 1010 1267 pecunias
1033 1185 1210 1249 videbatur.

159 1295 175 1342 3
194 1277 271 1344 Non
293 1280 399 1344 solum
421 1280 568 1366 urbibus,
590 1281 646 1345 sed
664 1301 765 1363 paene
782 1281 862 1345 vicis
881 1281 1087 1366 castellisque
1105 1282 1211 1366 singu-

193 1376 235 1439 lis
262 1377 380 1459 siapali
411 1397 484 1440 cum
511 1377 645 1460 imperio
675 1378 951 1460 praeficiebantur.
1002 1377 1065 1454 Qui
1096 1378 1211 1443 horum
1278 1406 1279 1421 ¹

194 1473 272 1557 quid
300 1474 503 1538 acerbissime
530 1474 814 1558 crudelissimeque
840 1476 968 1561 fecerat,
994 1475 1023 1539 is
1053 1480 1085 1539 et
1107 1476 1211 1540 viret

159 1586 176 1632 4
195 1570 273 1634 civis
293 1570 434 1654 optimus
452 1569 641 1634 habebatur.
678 1569 760 1634 Erat
779 1572 873 1655 plena
891 1571 1044 1636 lictorum
1068 1575 1101 1635 et
1119 1594 1210 1655 appa-

193 1666 331 1731 ritorum
354 1668 528 1754 provincia,
546 1666 673 1731 differta
691 1667 949 1750 praediatoribus
972 1672 1070 1751 atque
1088 1673 1210 1733 exacto·

193 1764 293 1849 ribus,
312 1765 368 1848 qui
386 1770 513 1849 praeter
530 1765 704 1848 imperatas
724 1764 874 1848 pecunias
890 1785 948 1828 suo
964 1764 1063 1828 etiam
1085 1766 1208 1848 privato

194 1864 381 1946 compendio
410 1862 604 1927 serviebant:
637 1860 831 1925 dictitabant
858 1861 944 1925 enim
970 1883 1004 1925 se
1035 1862 1131 1926 domo
1160 1886 1209 1948 pa-

194 1959 319 2043 triaque
348 1960 499 2044 expulsos
528 1958 678 2023 omnibus
706 1957 894 2022 necessariis
922 1979 1015 2043 egere
1041 1959 1150 2047 rebus,
1174 1964 1209 2024 ut

160 2071 175 2118 ὅ
193 2055 330 2119 honesta
343 2057 596 2141 praescriptione
613 2078 682 2120 rem
695 2057 918 2140 turpissimam
931 2060 1085 2141 tegerent.
1118 2057 1209 2123 Acce

195 2152 311 2215 debant
335 2153 375 2216 ad
397 2153 475 2218 haec
498 2153 708 2238 gravissimae
727 2176 852 2238 usurae,
870 2154 957 2236 quod
979 2154 1015 2218 in
1037 2155 1125 2220 bello
1149 2157 1208 2239 ple

193 2269 328 2331 rumque
347 2250 488 2314 accidere
506 2250 674 2314 consuevit
692 2250 851 2313 universis
870 2250 1037 2334 imperatis
1055 2253 1208 2336 pecuniis3

195 2345 312 2427 quibus
344 2345 379 2410 in
414 2346 511 2411 rebus
547 2347 763 2430 prolationem
799 2346 862 2409 diei
899 2347 1107 2412 donationem
1144 2371 1208 2414 esse

195 2441 349 2507 dicebant.
394 2441 509 2527 Itaque
541 2464 594 2507 aes
628 2444 768 2507 alienum
799 2444 983 2528 provinciae
1015 2467 1052 2510 eo
1081 2447 1208 2512 biennio

159 2554 174 2601 6
193 2538 444 2623 multiplicatum
467 2544 524 2603 est.
562 2537 677 2625 Neque
699 2542 806 2605 minus
831 2542 873 2605 ob
897 2564 967 2606 eam
985 2564 1117 2608 causam
1138 2545 1209 2609 civi·

194 2636 255 2701 bus
268 2635 423 2702 Romanis
443 2637 511 2700 eius
530 2638 723 2722 provinciae,
743 2639 851 2702 sedin
870 2639 1016 2724 singulos
1035 2645 1208 2706 conventus

194 2736 402 2821 singulasque
438 2735 585 2800 civitates
623 2740 729 2800 certae
765 2736 918 2820 pecuniae
960 2737 1208 2823 imperabantur,

193 2837 385 2916 mutuasque
412 2832 485 2896 illas
514 2855 552 2896 ex
582 2834 861 2897 senatusconsulto
890 2833 977 2919 exigi
1004 2835 1207 2920 dictitabant,

192 2929 382 3016 publicanis,
403 2933 441 2993 ut
464 2930 499 2993 in
513 2928 607 3013 Syria
630 2931 780 3015 fecerant,
802 2930 1001 3014 insequentis
1020 2933 1098 2996 anni
1115 2934 1207 2999 vecti·

193 3028 246 3111 gal
268 3030 474 3110 praeceptum
497 3030 546 3090 est
569 3032 726 3091 mutuum.

159 3139 171 3185 1
257 3122 407 3188 XXXIII.
445 3122 614 3188 Praeterea
632 3123 756 3207 Ephesi
775 3148 794 3188 a
811 3125 886 3190 fano
900 3124 1023 3190 Dianae
1046 3127 1206 3210 depositas

192 3221 372 3305 antiquitus
395 3221 547 3303 pecunias
572 3217 679 3303 Scipio
708 3220 781 3284 tolli
809 3221 949 3286 iubebat.
997 3220 1158 3307 Certaque
1179 3224 1207 3287 ei

190 3319 237 3381 rei
260 3318 311 3381 die
334 3316 512 3382 constituta
535 3338 607 3380 cum
629 3317 666 3379 in
687 3317 801 3381 fanum
823 3322 955 3381 ventum
979 3323 1064 3383 esset
1087 3320 1207 3383 adhibi-

190 3413 233 3475 tis
267 3413 486 3496 compluribus
524 3413 644 3476 ordinis
683 3415 851 3499 senatorii,
884 3437 965 3499 quos
999 3417 1207 3481 advocaverat

191 3503 308 3591 Scipio,
329 3510 457 3572 litterae
476 3509 505 3572 ei
524 3509 702 3572 redduntur
725 3509 921 3598 aPompeio,
943 3534 1030 3576 mare
1053 3513 1207 3579 transisse

191 3620 263 3661 cum
284 3602 467 3685 legionibus
491 3600 672 3687 Caesarem,
697 3612 884 3688 properaret
907 3609 946 3671 ad
970 3630 1004 3672 se
1027 3631 1100 3674 eum
1124 3632 1207 3675 exer-
