2584 4075
312 249 423 305 COMM.
444 252 464 307 Ι,
503 252 580 307 CAP.
599 254 904 314 XXXIII—XXXVIII.
1071 261 1114 325 23

97 391 154 458 Cn.
174 392 365 478 Pompeium
389 401 420 460 et
443 394 477 460 O.
498 395 673 485 Caesarem,
690 405 844 484 patronos
868 403 1019 489 civitatis,
1038 427 1116 489 quo-

96 513 170 554 rum
196 490 279 554 alter
303 512 397 575 agros
411 490 585 558 Volcarum
599 494 859 562 Arecomicorum
878 503 909 563 et
925 500 1114 566 Helviorum

80 578 228 670 'publice
251 588 292 651 iis
317 590 518 677 concesserit,
541 592 621 656 alter
644 593 730 659 bello
753 596 856 659 victos
876 594 1000 680 Sallyas
1024 601 1113 662 attri-

97 685 205 749 buerit
238 686 471 770 vectigaliaque
504 690 636 754 auxerit.
694 689 797 766 Quare
833 693 965 775 paribus
1002 707 1147 758 coruino

52 825 55 831 ·
96 783 262 846 beneficiis
285 805 395 866 parem
418 805 451 847 se
475 806 602 870 quoque
620 787 820 852 voluntatem
837 790 978 853 tribuere
999 790 1112 855 debere

88 884 128 943 ‘et
150 884 306 944 neutrum
328 902 438 944 eorum
461 885 573 946 contra
596 883 733 948 alterum
750 886 860 949 iuvare
882 890 938 950 aut
956 887 1036 951 urbe
1055 891 1111 951 aut

94 977 248 1061 portibus
271 977 418 1060 recipere.

161 1073 313 1139 XXXVI.
350 1074 437 1140 Haec
469 1076 545 1140 dum
576 1078 662 1141 inter
689 1100 744 1143 eos
771 1083 925 1164 agimtur,
946 1078 1144 1144 Domitiusr

93 1195 165 1237 cam
187 1172 326 1235 navibus
350 1171 528 1236 Massiliam
550 1175 696 1257 pervenit
719 1179 815 1258 atque
838 1175 877 1238 ab
900 1175 940 1238 iis
963 1181 1110 1259 receptus

94 1270 169 1334 urbi
193 1268 391 1353 praeficitur3
415 1292 539 1334 summa
562 1270 591 1333 ei
614 1270 691 1335 belli
715 1272 957 1336 administrandi
981 1274 1110 1356 permit-

94 1368 185 1431 titur.
232 1365 315 1429 Eius
338 1366 472 1449 imperio
503 1368 636 1430 classem
664 1390 904 1452 quoquoversus
930 1370 1144 1454 dimittunt32

94 1463 262 1528 onerarias
289 1474 401 1549 naves,
433 1486 513 1547 quas
541 1465 661 1548 ubique
692 1471 842 1552 possunt,
873 1467 1109 1550 deprehendunt

94 1566 193 1644 atque
217 1561 254 1624 in
276 1564 414 1643 portum⁴
433 1561 607 1647 deducunt,
634 1585 748 1645 parum
775 1556 873 1626 clavi's
897 1567 953 1626 aut
976 1564 1109 1627 materia

95 1665 194 1743 atque
219 1659 424 1722 armamentis
447 1659 615 1722 instructis
639 1660 679 1723 ad
705 1653 845 1741 reliquas
873 1659 1039 1722 armandas
1063 1683 1108 1724 re-

94 1755 311 1837 ficiendasque
338 1758 487 1839 utuntur,
515 1756 668 1820 frumenti
692 1757 776 1840 quod
802 1757 968 1819 inventurn
995 1761 1053 1841 est,
1074 1757 1143 1820 in3

95 1853 264 1937 publicum
287 1852 469 1936 conferunt,
492 1853 631 1937 reliquas
655 1875 774 1918 merces
792 1858 1049 1936 commeatusque
1069 1854 1109 1917 ad

95 1950 298 2015 obsidionem
329 1948 433 2034 urbis,
465 1949 493 2012 si
524 1951 570 2013 aa
601 1952 735 2037 accidat,
766 1955 937 2014 reservant.
984 1949 1143 2026 Quibusr

93 2048 224 2113 iniuriis
249 2049 413 2130 permotus
433 2046 550 2111 Caesar
567 2048 710 2133 legiones
733 2053 799 2111 tres
814 2047 992 2112 Massiliam
1014 2050 1109 2114 addu-

93 2148 152 2231 cit3
182 2148 290 2207 turres
318 2143 500 2227 vincasque*
518 2145 558 2208 ad
585 2147 857 2231 oppugnationem
883 2146 972 2210 urbis
1006 2168 1108 2242 agere²

94 2265 193 2308 naves
217 2242 331 2324 longas
354 2238 484 2304 Arelate
506 2263 638 2306 numero
657 2261 708 2305 xu
725 2243 826 2306 facere
849 2244 1001 2308 instituit.
1035 2242 1108 2319 Qui·
1126 2258 1142 2305 5

94 2343 156 2405 bus
182 2338 303 2403 effectis
328 2338 522 2422 armatisque
546 2335 658 2403 diebus
681 2357 763 2425 xxx,
785 2364 803 2403 a
823 2342 954 2424 quodie
974 2343 1108 2405 materia

94 2461 188 2503 caesa
212 2440 271 2520 est,
294 2435 501 2518 adductisque
524 2434 703 2500 Massiliam
729 2437 769 2500 iis
799 2436 837 2501 D.
861 2437 998 2502 Brutum
1020 2461 1109 2522 prae·

93 2537 173 2622 ficit,
197 2532 231 2598 G.
256 2532 451 2596 Trebonium
474 2533 616 2617 legatum
640 2533 680 2597 ad
703 2534 974 2618 oppugnationem
996 2535 1109 2599 Massi-

94 2634 157 2698 liae
181 2631 344 2714 relinquit.

161 2726 327 2809 XXXVII.
365 2725 451 2790 Dum
463 2727 542 2791 haec
555 2731 648 2811 parat
662 2732 758 2812 atque
773 2727 984 2813 administrat,
1002 2726 1035 2791 C.
1050 2726 1107 2792 Fa·
1127 2748 1139 2788 1

95 2829 188 2892 bium
205 2826 349 2910 legatum
368 2846 440 2887 cum
452 2824 634 2908 legionibus
649 2843 697 2910 111,
716 2847 794 2909 quas
808 2823 960 2889 Narbone
978 2824 1108 2888 circum-

96 2947 160 3008 que
184 2945 221 2986 ea
239 2922 310 2985 loca
332 2921 493 2986 hiemandi
515 2943 610 2985 causa
634 2922 844 3005 disposuerat,
865 2921 900 2983 in
917 2919 1108 3003 Hispaniam

94 3020 276 3104 praemittit
296 3018 502 3101 celeriterque
522 3019 623 3082 saltus
641 3018 821 3102 Pyrenaeos
846 3019 992 3100 occupari
1009 3019 1109 3104 iubet,

95 3117 153 3200 qui
176 3138 213 3180 eo
236 3120 380 3198 tempore
404 3115 443 3177 ab
474 3115 508 3179 L.
536 3114 671 3178 Afranio
699 3114 805 3196 legato
833 3114 999 3195 praesidiis
1023 3119 1108 3178 tene-

95 3213 223 3277 bantur.
269 3212 423 3296 Reliquas
454 3211 610 3297 legioneS,
643 3233 724 3295 quae
755 3210 883 3295 longius
914 3209 1143 3298 hiemabant,a

96 3310 250 3394 subsequi
272 3310 370 3373 iubet.
416 3308 545 3396 Fabius,
570 3313 606 3372 ut
634 3312 703 3371 erat
730 3307 931 3391 imperatum,
963 3307 1141 3373 adhibita3

97 3407 258 3471 celeritate
281 3406 474 3489 praesidium
497 3427 535 3468 ex
559 3406 643 3469 saltu
667 3404 779 3468 deiecit
802 3403 990 3488 magnisque
1015 3406 1107 3470 itine-

97 3503 186 3567 ribus
211 3503 250 3566 ad
273 3502 446 3566 exercitum
469 3500 595 3565 Afranii
618 3501 789 3566 contendit.

184 3598 364 3667 XXXVIII.
402 3599 550 3691 Adventu
564 3599 598 3663 L.
613 3598 752 3663 Vibullii
766 3597 851 3684 Rufi,
870 3619 965 3682 quem
983 3623 1001 3664 a
1015 3599 1106 3666 Pom·
1126 3614 1139 3660 1
