2584 4075
573 208 787 265 PRAEFATIO.

227 416 234 431 ,
307 356 457 444 Paolus¹)
486 357 583 442 enim,
611 354 662 418 cui
685 353 871 437 Rostagnus
896 350 1090 435 assentitur,
1116 373 1200 420 ‚eum

309 455 434 519 saeculo
451 475 548 538 nono,
565 447 755 535 Dziatzkor)
772 447 897 512 saeculo
918 445 1040 510 decimo
1055 446 1199 533 ineunti,

308 549 495 639 Delisliusss)
506 554 538 614 et
548 547 767 614 Chatelainius
784 545 909 609 saeculo
922 542 1092 607 undecimo
1104 545 1199 608 attri-

310 650 422 713 buunt.
459 645 708 711 Accuratissime
726 643 905 726 descriptus
924 644 973 705 est
988 664 1006 705 a
1019 640 1198 726 Rostagno

309 747 345 810 in
377 743 563 810 Studiorum
593 741 781 806 Itaficorum
807 738 1006 822 Philologiae
1038 739 1199 803 classicae

310 846 398 906 tomo
428 841 564 905 secundo
588 837 632 925 (p.
653 841 715 903 321
737 836 807 925 sq.).
854 835 1068 900 Simulacrum
1097 839 1199 922 scrip-

311 943 402 1002 turae
420 938 520 1002 habes
539 937 574 1000 in
591 935 787 1008 Woelfflinii
806 934 945 998 editione
963 933 1041 997 belli
1055 933 1199 1022 Afrier)

312 1039 407 1118 atque
439 1035 474 1098 in
502 1032 694 1104 Chatelainii
722 1032 918 1102 collectionis
946 1030 1058 1093 tabula
1088 1032 1134 1096 50
1158 1033 1197 1097 A.

253 1166 258 1175 ·
313 1130 526 1196 Collationem
557 1131 653 1194 huius
687 1130 802 1193 codicis
835 1129 870 1192 in
901 1151 995 1192 usum
1023 1129 1200 1212 proprium

313 1228 557 1312 diligentissime
576 1228 753 1290 confectam
771 1230 808 1290 ut
825 1225 905 1289 mihi
920 1215 1200 1312 transscriberem‚

314 1325 487 1389 Meuselius
508 1325 664 1409 singulari
679 1323 816 1407 quadarn
829 1322 1022 1387 liberalitate
1035 1325 1200 1407 permisit.

313 1422 391 1485 Inde
409 1420 674 1485 iucundissimum
692 1421 772 1484 mihi
791 1424 840 1483 est
860 1420 1001 1483 officium
1020 1420 1121 1485 etiam
1135 1422 1201 1487 hoc

316 1520 385 1583 loco
413 1519 482 1582 viro
511 1519 712 1604 doctissimo,
740 1518 796 1601 qui
823 1517 949 1601 publice
976 1517 1201 1604 privatimque

317 1616 453 1679 aliorum
480 1616 553 1678 usui
580 1611 729 1698 prodesse
758 1635 793 1677 ac
816 1614 934 1678 servire
956 1635 1122 1697 nunquam
1149 1619 1201 1682 de-

246 1752 248 1756 ·
317 1704 416 1798 sinit,⁸
432 1712 553 1798 gratias
578 1733 671 1797 agere
696 1734 792 1795 quam
814 1712 976 1775 maximas.

190 1814 235 1879 W
251 1843 290 1864 -=
315 1811 413 1876 codex
445 1808 861 1873 Mediceus-Laurentianus
900 1812 919 1873 8
947 1809 1027 1893 plut.
1052 1812 1110 1896 68,
1149 1814 1201 1877 de-

318 1909 456 1992 scriptus
481 1905 678 1971 a⁴BandInio
702 1906 737 1968 in
760 1903 860 1968 Catal.
880 1906 967 1970 codd.
990 1906 1045 1970 lat.
1063 1906 1099 1970 II
1122 1912 1203 1996 840,

318 2006 373 2088 qui
409 2005 478 2068 eius
509 2009 634 2087 partem
667 2026 745 2068 saec.
773 2002 833 2090 XI,
869 2008 993 2088 partem
1026 2027 1105 2070 saec.
1135 2006 1202 2072 XII

318 2104 480 2164 exaratam
499 2121 567 2163 esse
581 2098 741 2187 censuit.⁵)
781 2100 879 2165 Im‘tio
894 2101 970 2165 belli
984 2102 1093 2180 civilis,
1102 2106 1203 2169 muti·

317 2198 368 2260 lus
388 2199 446 2281 est,
469 2195 524 2258 sed
542 2217 623 2277 quae
641 2196 756 2260 desunt
776 2196 868 2284 (Bell.
888 2198 945 2263 civ.
964 2197 993 2283 Ι,
1014 2201 1134 2286 1-33,
1155 2201 1203 2290 3),

320 2295 509 2376 supplentur
533 2293 595 2356 alio
620 2294 726 2386 codice
748 2293 972 2359 Laurentiano,
1017 2294 1050 2358 ls
1074 2302 1125 2360 est

205 2392 238 2457 Y
253 2423 293 2443 =
318 2390 415 2454 codex
442 2390 867 2455 Medicam-Laurentianus
896 2395 915 2457 6
943 2393 1024 2475 plut.
1047 2395 1104 2479 68,
1134 2420 1204 2461 sae-

318 2488 389 2551 culo
413 2486 459 2550 XI
478 2486 524 2574 (t)
547 2510 586 2551 ex
609 2488 716 2551 codice
741 2488 787 2553 W
805 2488 1043 2571 transscriptus
1090 2489 1204 2556 Huius

320 2585 450 2670 codicia,
478 2586 516 2649 de
544 2607 606 2669 quo
630 2584 807 2648 Bandinius
836 2585 904 2670 agit
927 2586 961 2648 in
985 2583 1084 2650 Catal.
1110 2591 1204 2653 codd.

259 2778 285 2845 1)
302 2775 393 2829 Indici
416 2793 431 2831 e
455 2776 537 2830 Catal
597 2776 603 2787 '
630 2775 677 2829 del
699 2776 805 2830 Minist.
830 2776 906 2829 della
928 2777 1008 2831 Publ.
1028 2777 1101 2833 Istit.
1122 2779 1205 2836 VIII:

187 2859 200 2911 Ι
219 2854 309 2911 codici
328 2855 616 2910 Ashburnhamianie
673 2856 728 2912 vol.
744 2856 757 2909 I
775 2857 842 2909 fasc.
859 2862 883 2924 1,
901 2875 928 2925 p.
945 2862 959 2909 7
979 2858 1206 2931 (Romae1887).

259 2938 285 3006 2)
304 2935 388 3003 Apud
405 2934 450 2989 W.
465 2934 633 2989 Muellerum
651 2936 669 2991 l.
685 2954 708 2991 c.
722 2954 749 3005 p.
766 2942 789 2990 7.
1154 2932 1157 2937 ’

260 3020 286 3086 3)
304 3015 405 3069 Notice
429 3033 476 3069 sur
498 3014 539 3068 les
558 3009 727 3068 Manusc'rits
752 3016 789 3068 du
812 3015 894 3069 fonds
912 3015 990 3069 Libri
1013 3022 1164 3073 conserves
1190 3014 1226 3074 a*

188 3098 217 3151 la
235 3094 441 3151 Laurentienne
460 3096 512 3149 etc.
549 3094 629 3148 Paris
650 3099 718 3148 1886
736 3112 782 3163 pp.
799 3101 845 3162 24,
865 3111 904 3162 sq.

259 3179 286 3245 4)
304 3173 379 3242 Lips.
399 3189 442 3242 ap.
463 3173 599 3228 Teubner.
626 3177 703 3228 1889.

261 3259 287 3325 ὃ)
305 3252 408 3307 Docuit
434 3268 479 3305 me
506 3251 587 3306 Felix
610 3252 791 3321 Rammium,
819 3253 961 3323 professor
987 3270 1062 3307 nunc
1086 3254 1210 3310 Floren-

189 3333 278 3401 tinus,
307 3332 413 3386 amicus
442 3329 616 3399 carissimus,
647 3331 760 3386 saeculo
779 3332 832 3385 XII
849 3332 896 3386 vel
913 3333 978 3385 XIH
997 3332 1116 3401 scriptas
1143 3351 1210 3389 esse

190 3412 256 3475 libri
275 3413 315 3465 III
332 3414 427 3481 partes
450 3411 515 3465 has:
538 3409 605 3463 inde
629 3427 647 3462 a
670 3410 763 3464 verbis
783 3428 843 3480 cap.
857 3418 887 3479 4,
903 3418 918 3465 6
938 3420 988 3467 aut
1004 3415 1097 3482 pratia
1115 3431 1210 3483 usque

192 3491 229 3543 ad
248 3507 308 3558 cap.
326 3496 367 3558 78,
382 3497 398 3543 6
417 3490 567 3544 sarciretur
585 3491 614 3542 et
632 3487 699 3540 inde
717 3505 734 3540 a
749 3505 808 3557 cap.
826 3496 884 3558 106,
900 3498 915 3542 3
931 3493 1103 3546 dubitaverat
1116 3509 1210 3561 usque

192 3570 230 3621 ad
248 3570 331 3622 finem
349 3568 425 3624 libri.
478 3612 484 3623 .
