2584 4075
300 245 412 301 COMM.
430 245 451 302 Ι.
489 244 566 302 cAP.
585 246 880 300 LXXXII-LXXXV.
1050 243 1093 305 47

79 389 162 455 levis
186 394 369 455 armaturae
392 390 599 473 equitumque
616 394 742 474 partem
760 389 880 454 flumen
901 388 1009 453 traicit
1031 408 1095 452 ere·

80 488 222 570 brasque
245 487 280 551 in
303 487 382 571 ripis
405 486 566 551 custodias
589 487 739 571 disponit.

147 583 343 649 LXXXIIII.
380 583 521 647 Tandem
548 583 697 648 omnibus
724 586 819 650 rebus
847 582 972 649 obsessi
1003 599 1127 665 quar-1
1223 613 1226 620 ·

79 683 151 744 tum
183 680 249 744 iam
278 679 362 743 diem
393 679 461 742 sine
488 679 607 762 pabulo
634 681 769 745 retentis
796 680 958 765 iumentis,
984 698 1094 760 aquae,

79 777 255 862 lignorum,
277 777 430 840 frumenti
453 776 571 860 inopia,
592 776 799 858 conloquium
817 779 872 857 pet
890 855 892 858 Ι
918 777 932 836 t
951 775 984 836 et
1000 773 1043 858 id,
1065 775 1093 837 si

80 874 151 938 fieri
174 874 290 958 possit,
314 877 436 938 semoto
464 897 482 937 a
508 873 668 936 militibus
695 873 775 937 loeo.
820 870 887 937 Ubi
912 871 946 934 id
973 891 992 934 a
1018 867 1128 936 Cae-2

80 993 152 1035 sare
175 974 330 1056 negatum
353 974 395 1056 et,
413 971 520 1054 palam
543 971 571 1034 si
589 971 740 1055 conloqui
761 970 890 1054 vellent,
909 989 1094 1033 concessum

79 1072 140 1153 est,
162 1068 259 1132 datur
282 1066 403 1132 obsidis
425 1067 496 1131 loeo
521 1065 650 1132 Caesari
672 1068 758 1132 filius
781 1065 916 1131 Afranii.
954 1063 1093 1129 Venitur

78 1167 115 1229 in
138 1187 214 1229 eum
236 1165 355 1247 locum,
383 1185 478 1248 quem
506 1161 622 1227 Caesar
650 1164 776 1249 delegit.
821 1163 981 1227 Audiente
1006 1164 1127 1227 utro-3

79 1284 143 1348 que
166 1262 311 1325 exercitu
333 1261 478 1345 loquitur
491 1257 658 1325 Afranius:
682 1260 758 1327 Non
776 1283 845 1326 esse
864 1264 920 1325 aut
937 1259 1018 1343 ipsis
1037 1262 1093 1322 aut

78 1359 241 1425 militibus
265 1344 522 1444 suscensendum,
545 1358 631 1441 quod
653 1359 749 1424 fidem
771 1380 846 1444 erga
868 1359 1094 1442 imperatorem

80 1479 176 1521 suum
199 1453 256 1520 On.
279 1453 468 1538 Pompeium
495 1476 682 1528 conservare
709 1457 877 1520 voluerint.
924 1452 986 1519 Sed
1013 1454 1128 1519 satis4

78 1554 144 1617 iam
167 1552 282 1616 fecisse
307 1550 411 1615 officio
435 1550 577 1634 satisque
608 1552 758 1636 supplicii
783 1553 898 1616 tulisse
924 1572 1091 1635 perpessos
1163 1568 1167 1577 ·

80 1649 228 1715 omnium
249 1669 357 1711 rerum
378 1647 532 1733 inopiam3
554 1669 639 1713 nunc
657 1671 732 1713 vero
755 1671 855 1733 paene
873 1652 910 1713 ut
931 1649 1016 1712 feras
1035 1649 1092 1712 cir·

79 1744 299 1811 cummunitos
321 1744 486 1828 prohiberi
510 1766 601 1829 aqua,
623 1746 787 1829 prohiberi
808 1746 966 1830 ingressu,
989 1766 1092 1827 neque
1178 1795 1185 1806 .

79 1865 215 1928 corpore
239 1842 389 1922 dolorem·
402 1847 506 1925 n'eque
529 1842 635 1906 animo
654 1841 864 1926 ignominiam
885 1841 968 1921 ferre
987 1861 1089 1925 posse.
1112 1869 1114 1871 ’

77 1941 195 2025 ltaque
219 1960 254 2004 se
272 1939 374 2004 victos
393 1939 552 2024 confiteri3
571 1961 662 2003 orare
681 1943 777 2023 atque
796 1938 971 2024 obsecrare,
989 1937 1017 2001 si
1035 1938 1090 2022 qui
1109 1955 1125 2002 5

78 2042 168 2105 locus
193 2037 430 2102 misericordiae
452 2037 662 2122 relinquatur,
684 2059 724 2101 ne
748 2036 787 2100 ad
804 2035 955 2100 ultimum
973 2036 1092 2120 suppli-

79 2138 166 2202 cium
197 2135 349 2219 progredi
378 2155 507 2200 necesse
536 2133 686 2198 habeant.
740 2133 828 2199 Haec
859 2155 954 2218 quam
984 2138 1092 2218 potest

79 2230 309 2298 demississime
332 2234 363 2295 et
386 2229 619 2295 subiectissime
642 2232 781 2315 exponit.

146 2326 307 2392 Lfflv.
343 2326 396 2391 Ad
422 2349 459 2391 ea
486 2324 602 2392 Caesar
629 2330 807 2413 respondit:
834 2327 926 2394 Nulli
949 2330 1124 2395 omniumr

77 2429 138 2493 has
162 2429 271 2510 partes
289 2426 341 2489 vel
359 2424 575 2507 querimoniae
593 2426 644 2488 vel
662 2426 877 2491 miserationis
895 2427 1001 2491 minus
1020 2448 1091 2491 con-

79 2523 215 2590 venisse.
260 2516 416 2604 Reliquos
440 2521 525 2584 enim
548 2542 658 2586 omnes
681 2523 822 2587 officium
844 2546 938 2587 suum
959 2524 1125 2608 praesti-c
1156 2595 1158 2602 Ι

78 2620 171 2684 tisse:
190 2638 232 2696 sc,
251 2617 307 2701 qui
325 2617 423 2680 etiam
441 2616 526 2681 bona
545 2618 729 2683 condicione
752 2624 784 2684 et
806 2621 877 2685 loco
896 2624 929 2684 et
948 2624 1092 2703 tempore

80 2737 183 2800 aequo
207 2713 379 2798 confligere
401 2713 552 2799 noluerit,
574 2718 612 2779 ut
634 2737 731 2798 quam
758 2716 963 2801 integerrima
985 2721 1092 2781 essent

80 2813 120 2877 ad
147 2832 260 2896 pacem
287 2811 406 2896 omnia3
434 2812 608 2875 exercitum
636 2834 739 2899 suum,
766 2815 821 2897 qui
848 2814 966 2878 iniuria
995 2814 1092 2878 etiam

80 2913 211 2993 accepta
234 2907 364 2991 suisque
386 2909 574 2994 interfectis,
602 2932 683 2994 quos
710 2912 745 2974 in
772 2934 829 2975 sua
855 2915 1016 2996 potestate
1036 2911 1092 2976 ha-

80 3006 198 3092 buerit,
220 3005 416 3069 conservarit
444 3009 475 3070 et
502 3007 632 3091 texerit3
660 3007 748 3072 illius
772 3009 907 3093 denique
934 3008 1090 3072 exercitus

79 3104 211 3187 milites,
234 3102 291 3185 qui
312 3123 369 3185 per
392 3123 426 3165 se
449 3102 487 3166 de
509 3104 707 3168 concilianda
724 3127 800 3188 pace
819 3106 951 3190 egerint,
972 3126 1034 3187 qua
1056 3105 1091 3169 in

79 3222 113 3264 re
137 3199 283 3264 omnium
310 3220 442 3263 suorum
469 3200 554 3263 vitae
581 3201 809 3265 consulendum
835 3201 987 3285 putarint.
1038 3197 1125 3265 Sies

79 3299 225 3363 omnium
258 3296 406 3360 ordinum
434 3300 541 3380 partes
574 3297 609 3361 in
643 3298 860 3362 misericordia
899 3296 1091 3384 constitisse,

78 3396 169 3479 ipsos
198 3394 293 3457 duces
322 3416 340 3456 a
367 3415 444 3478 pace
472 3394 690 3478 abhorruisse3
719 3416 774 3457 eos
800 3416 903 3479 neque
930 3393 1092 3477 conloquii

78 3513 183 3575 neque
205 3489 404 3554 indutiarum
431 3490 503 3555 iura
532 3512 674 3556 servasse
697 3495 729 3555 et
751 3491 897 3555 homines
924 3490 1090 3572 imperitos

79 3592 112 3652 et
143 3609 201 3672 per
229 3586 434 3669 conloquium
465 3586 612 3671 deceptos
641 3586 857 3652 crudelissime
885 3586 1089 3653 interfecisse.
