2584 4075
359 254 471 311 COMM.
491 255 538 310 ΙΠ.
576 255 653 310 CAP.
672 254 821 312 X-XIIH.
1052 256 1094 322 85

78 399 249 484 rccipiunt.
295 398 365 464 Hos
389 403 566 484 sequuntur
589 398 792 484 Byllidenses
816 406 845 465 et
873 400 1041 466 Amantini
1069 407 1100 466 et
1119 414 1136 461 4

78 497 223 581 reliquae
251 497 406 560 finitimae
433 496 584 587 civitates¹
610 500 745 581 totaque
767 496 889 581 Epir!
919 503 951 562 et
983 498 1100 583 legatis

79 595 119 658 ad
143 592 314 658 Caesarem
335 594 453 680 missis,
475 615 557 677 quae
579 594 762 680 imperaret,
784 594 927 661 facturos
952 617 986 659 se
1009 595 1101 679 polli-

79 695 201 755 centur.
704 690 707 695 ’

144 787 235 852 ΧΙΠ.
272 788 318 852 At
334 787 513 873 ‘Pompeius
537 790 678 873 cognitis
700 789 753 853 his
775 789 883 874 rebus,
905 810 987 873 quae
1010 793 1101 853 erant
1121 800 1134 849 1

79 883 168 949 Orici
193 888 292 967 atque
314 884 507 969 Apolloniae
529 890 649 971 gestae,
670 884 850 969 Dyrrachio
874 885 991 949 timens
1017 885 1101 949 diur-

77 983 129 1046 nis
150 1003 188 1046 eo
206 982 439 1066 noctmnisque
456 982 629 1047 itineribus
649 983 822 1047 contendit.
860 980 964 1047 Simul
985 979 1101 1047 Caesar
1120 994 1136 1042 2

78 1071 339 1163 adpropinquare
364 1078 542 1163 dicebatur3
572 1082 748 1164 tantusque
770 1083 875 1144 terror
897 1079 1010 1143 incidit
1032 1079 1101 1143 eius

79 1175 247 1260 exercitui,
265 1176 353 1258 quod
367 1197 543 1259 properans
556 1180 685 1240 noctem
699 1176 762 1240 diei
775 1177 984 1241 coniunxerat
998 1198 1102 1260 neque

76 1273 140 1337 iter
164 1271 394 1357 intermiserat,
421 1275 459 1334 ut
487 1293 587 1354 paene
616 1295 726 1338 omnes
750 1297 789 1338 ex
811 1274 913 1358 Epiro
941 1275 1101 1339 finitimis-

78 1392 142 1455 que
179 1367 367 1454 regionibus
406 1369 498 1453 signa
534 1370 770 1454 relinquerent,
801 1371 980 1455 complures
1013 1393 1101 1435 arma

77 1467 275 1552 proicerent,
303 1487 339 1529 ac
365 1466 462 1550 fugae
489 1466 594 1530 simile
628 1468 690 1531 iter
718 1468 888 1533 videretur.
935 1466 998 1533 Sed
1028 1480 1135 1533 cumo

76 1565 180 1648 prope
193 1560 410 1645 Dyrrachium
429 1562 602 1646 Pompeius
625 1564 828 1628 constitisset
851 1569 1019 1649 castraque
1038 1587 1101 1629 me-

76 1661 142 1726 tari
169 1659 333 1743 iussisset,
360 1660 531 1743 perterrito
560 1661 659 1724 etiam
688 1665 759 1724 tum
788 1662 930 1726 exercitu
952 1663 1100 1745 princeps

77 1758 240 1823 Labienus
273 1756 417 1839 procedit
449 1757 598 1839 iuratque
631 1778 665 1821 se
698 1778 770 1820 eum
803 1778 870 1821 non
900 1758 1101 1823 deserturum

77 1853 278 1937 eundemque
301 1874 410 1917 casum
434 1852 628 1938 subiturum,
652 1875 883 1937 quemcumque
905 1855 935 1919 ei
956 1854 1101 1919 Fortuna

76 1951 257 2016 tribuisset.
295 1947 366 2014 Hoc
388 1950 474 2014 idem
496 1949 615 2032 reliqui
633 1949 743 2013 iurant
761 1950 874 2035 legati3
896 1950 958 2015 hos
976 1951 1100 2016 tribuni
1118 1965 1136 2010 4

76 2050 222 2115 militum
254 2048 522 2131 centurionesque
559 2052 753 2133 sequuntur,
789 2052 886 2131 atque
921 2050 1006 2113 idem
1036 2072 1100 2115 om-

75 2146 128 2210 nis
167 2145 326 2208 exercitus
358 2144 453 2208 iurat.
496 2141 613 2208 Caesar
644 2149 877 2228 praeoccupato
910 2147 1025 2220 itinere
1062 2149 1135 2212 ads

75 2241 294 2327 Dyrrachium
311 2241 408 2305 finem
427 2240 621 2324 properandi
639 2241 717 2305 facit
736 2245 905 2327 castraque
923 2244 963 2308 ad
981 2243 1102 2309 flumen

75 2339 205 2425 Apsum
238 2338 331 2422 ponit
364 2338 399 2401 in
434 2338 554 2401 finibus
587 2336 860 2425 Apolloniatium,
890 2343 929 2404 ut
960 2343 1100 2406 castellis

75 2436 220 2519 vicisque
246 2434 327 2498 bene
353 2434 486 2498 meritae
512 2434 654 2499 civitatis
678 2435 796 2521 [tutae]
825 2440 910 2501 esset
932 2440 1102 2526 praesidio,

8 2589 10 2614 ,
75 2534 187 2617 ibique
220 2532 418 2616 reliquarum
450 2553 488 2595 ex
520 2530 617 2596 ltalia
649 2532 759 2620 legion
846 2535 1018 2599 adventurn
1050 2559 1100 2600 ex·

76 2634 222 2714 spectare
246 2632 278 2693 et
302 2629 363 2693 sub
386 2629 527 2712 pellibus
549 2628 692 2694 hiemare
716 2557 895 2736 efflauit.
927 2630 999 2695 Hoc
1016 2631 1135 2696 idemo

74 2726 248 2811 Pompeius
271 2724 348 2789 fecit
371 2729 403 2788 et
426 2729 519 2789 trans
548 2725 671 2791 flumen
692 2726 821 2812 Apsum
842 2728 959 2812 positis
985 2730 1099 2792 castris

76 2847 113 2889 eo
138 2824 248 2908 copias
273 2843 382 2887 omnes
406 2822 591 2906 auxiliaque
614 2824 777 2888 conduxit.
832 2881 857 2940 γ

141 2919 247 2986 Xllll.
285 2917 422 2984 Calenus
454 2919 637 3003 legionibus
673 2921 903 3006 equitibusque
934 2917 1133 2987 Brundisiir

74 3020 109 3084 in
140 3039 239 3083 naves
270 3016 448 3100 impositis,
479 3019 517 3080 ut
561 3021 630 3083 erat
663 3023 869 3102 praeceptum
902 3042 920 3083 a
957 3017 1101 3105 Caesare,

75 3119 231 3200 quantam
253 3114 385 3178 navium
402 3112 593 3178 facultatem
610 3114 762 3199 habebat,
783 3137 881 3180 naves
901 3117 1007 3200 solvit,
1024 3137 1100 3198 pau-

74 3213 207 3296 lumque
231 3233 249 3274 a
272 3214 371 3293 portu
393 3230 585 3294 progressus
609 3212 738 3276 litteras
770 3235 788 3275 a
812 3211 947 3277 Caesare
970 3213 1100 3298 accepit,

75 3310 194 3393 quibus
219 3311 268 3372 est
291 3307 409 3372 certior
431 3307 536 3371 factus
562 3312 678 3392 portus
701 3310 862 3392 litoraque
892 3309 999 3372 omnia
1022 3311 1099 3373 clas-

76 3407 167 3471 sibus
191 3405 447 3488 adversariorum
469 3406 580 3469 teneri.
620 3403 691 3481 Quo
711 3407 842 3490 cognito
863 3427 896 3468 se
915 3406 950 3468 in
968 3409 1098 3489 portum
1118 3421 1135 3467 2

73 3502 190 3585 recipit
221 3522 384 3584 navesque
416 3522 525 3565 omnes
557 3507 695 3567 revocat.
741 3501 817 3567 Una
850 3523 888 3566 ex
919 3501 985 3588 his,
1018 3524 1099 3586 quae

73 3598 292 3684 perseveravit
315 3619 418 3681 neque
441 3598 578 3681 inperio
604 3597 716 3662 Caleni
739 3598 984 3685 obtemperavit,
1012 3601 1099 3683 quod
