2584 4075
348 250 459 306 COMM.
479 252 499 306 I.
538 251 614 307 oAP.
633 252 871 306 XXX-XXXIII.
1071 252 1112 313 21

99 401 214 461 senatu
246 395 380 460 iniurias
416 396 619 461 inimicorum
651 401 886 461 commemorat.
941 396 1044 460 Docet
1081 418 1114 459 se

98 494 226 557 nullum
263 493 552 557 extraordinarium
586 493 744 559 honorem
777 494 949 579 adpetisse,
979 493 1033 556 sed
1064 515 1114 556 ex-

99 593 246 673 spectato
265 589 410 673 legitimo
434 593 577 673 ternpore
596 591 781 655 consulatus
805 611 842 654 eo
865 591 964 654 fuisse
987 594 1114 654 conten-

99 692 179 772 tum,
189 687 277 771 quod
291 687 439 751 omnibus
453 688 576 752 civibus
590 691 722 771 pateret.
753 685 871 751 Latum
885 687 925 752 ab
935 705 959 750 x
972 687 1112 751 tribunis
1132 698 1148 745 3

99 783 204 866 plebis
228 783 519 847 contradicentibus
542 784 690 870 inimicis,
712 783 834 849 Catone
862 806 938 849 vero
962 784 1113 848 acerrime

98 883 301 964 repugnante
323 883 355 944 et
377 880 515 963 pristina
538 882 767 946 consuetudine
790 882 913 945 dicendi
934 903 1025 946 mora
1047 880 1114 944 dies

99 978 299 1063 extrahente,
321 981 359 1040 ut
381 977 431 1041 sui
458 979 542 1042 ratio
571 979 713 1042 absentis
735 979 916 1064 haberetur,
943 979 1014 1062 ipso
1043 1000 1115 1042 con·

100 1074 170 1138 sule
201 1072 369 1158 Pompei03
402 1075 458 1158 qui
490 1075 519 1138 si
550 1075 779 1162 improbasset,
810 1098 866 1140 cur
897 1077 974 1140 ferri
1001 1098 1114 1160 passus

100 1171 208 1235 esset?
232 1171 261 1235 si
284 1171 465 1257 probasset,
493 1193 548 1235 cur
572 1194 605 1235 se
628 1172 678 1236 uti
700 1172 812 1256 populi
835 1172 987 1237 beneficio
1009 1171 1114 1256 prohi-

99 1268 250 1332 buisset?
294 1267 487 1333 Patientiam
509 1270 663 1352 proponit
686 1292 787 1355 suam,
814 1291 886 1334 cum
908 1269 946 1333 de
974 1270 1151 1333 exerciti-4

99 1367 163 1429 bus
194 1364 393 1428 dimittendis
421 1365 508 1429 ultro
535 1366 779 1452 postulavisset,
806 1367 841 1430 in
867 1388 930 1450 quo
961 1366 1116 1430 iacturam

101 1461 273 1546 dignitatis
297 1465 393 1545 atque
413 1462 548 1526 honoris
571 1463 640 1545 ipse
663 1463 806 1528 facturus
826 1467 918 1528 esset.
953 1462 1150 1528 Acerbitas

100 1566 168 1625 tem
190 1559 395 1623 inimicorum
417 1559 518 1645 docet,
536 1560 601 1645 qui,
621 1560 707 1644 quod
725 1559 766 1624 ab
786 1560 886 1624 altero
905 1561 1116 1645 postularent,

101 1660 138 1722 in
160 1680 193 1722 se
217 1660 399 1720 recusarent
418 1659 514 1739 atque
534 1658 640 1721 omnia
659 1657 843 1741 permisceri
861 1658 1002 1742 mallent,
1021 1679 1117 1740 quam

102 1754 276 1838 imperium
297 1751 516 1837 exercitusque
539 1753 708 1818 dimittere.
749 1753 905 1817 Iniuriam
926 1754 962 1817 in
983 1753 1150 1835 eripiens

103 1854 153 1917 dis
175 1850 359 1935 legionibus
378 1850 548 1934 praedicat,
566 1851 787 1915 crudelitatem
810 1854 843 1913 et
860 1850 1064 1915 insolentiam
1082 1851 1116 1913 in

103 1946 401 2014 circumscribendis
420 1947 561 2011 tribunis
579 1948 697 2031 plebis,
716 1946 916 2010 condiciones
936 1970 954 2010 a
973 1948 1117 2032 solatas,

103 2046 248 2131 expetita
270 2044 441 2129 conloquia
463 2048 496 2109 et
519 2045 674 2129 denegata
696 2047 930 2110 commemorat.
961 2043 1025 2108 Pro
1049 2045 1151 2128 qui-7

103 2146 166 2209 bus
189 2142 287 2207 rebus
310 2145 382 2206 orat
406 2163 443 2206 ac
465 2142 618 2227 postulat,
636 2146 673 2206 ut
691 2142 922 2226 rempublicam
940 2141 1117 2225 suscipiant

105 2248 202 2327 atque
225 2261 290 2303 una
313 2261 420 2303 secum
442 2240 675 2304 administrent.
723 2236 781 2303 Sin
808 2240 924 2303 timore
953 2238 1117 2322 defugiant

105 2339 164 2423 illi,
197 2359 231 2401 se
263 2335 352 2400 oneri
373 2357 440 2399 non
472 2336 656 2399 defuturum
688 2337 719 2398 et
742 2356 799 2417 per
827 2357 860 2398 se
890 2335 1119 2419 rempublicam

106 2434 413 2500 administraturum.
459 2431 599 2517 Legatos
624 2433 663 2495 ad
684 2429 874 2515 Pompeium
903 2433 941 2496 de
964 2435 1118 2516 composi·
1138 2449 1153 2495 8

106 2535 194 2597 tione
225 2530 314 2595 mitti
346 2533 506 2614 oportere,
537 2551 641 2613 neque
670 2551 703 2593 se
730 2530 945 2616 reformidare,
973 2529 1059 2613 quod
1085 2530 1121 2593 in

107 2633 221 2695 senatu
247 2625 418 2710 Pompeius
446 2627 542 2710 paulo
572 2631 645 2689 ante
673 2626 816 2711 dixisset,
844 2627 883 2690 ad
912 2648 992 2710 quos
1021 2625 1120 2709 legati

106 2728 321 2809 mitterentur,
329 2724 381 2787 his
396 2724 619 2787 auctoritatem
629 2723 766 2787 attribui
776 2722 986 2806 timoremque
1002 2743 1121 2815 eorum,

108 2825 164 2909 qui
190 2824 371 2907 mitterent,
399 2821 579 2906 significari.
626 2819 745 2884 Tenuis
773 2824 869 2903 atque
896 2819 1016 2882 infirmi
1043 2819 1155 2883 haece

108 2920 206 2985 animi
228 2918 338 2982 videri.
384 2916 425 2982 Se
452 2939 537 3003 vero,
563 2921 601 2981 ut
628 2917 778 3001 operibus
803 2917 924 2980 anteire
954 2917 1122 3000 studuerit,

41 3044 44 3049 ·
109 3020 154 3084 sic
174 3016 303 3083 iustitia
325 3019 357 3080 et
381 3016 542 3101 aequitate
565 3015 648 3079 velle
671 3036 829 3098 superare.

173 3112 324 3179 XXXIII.
360 3112 483 3177 Probat
506 3135 574 3177 rem
593 3114 724 3175 senatus
748 3111 786 3174 de
803 3110 969 3174 mittendis
992 3109 1122 3195 legatis,
1141 3124 1155 3172 1

109 3214 176 3298 sed,
209 3211 265 3297 qui
296 3206 514 3297 mitterentur,
545 3231 611 3273 non
639 3208 893 3292 reperiebantur,
923 3208 1122 3291 maximeque

109 3308 236 3373 timoris
260 3328 355 3370 causa
377 3327 436 3389 pro
460 3327 494 3369 se
523 3305 659 3390 quisque
681 3305 715 3369 id
736 3326 853 3368 munus
882 3303 1053 3387 legationis
1077 3326 1124 3366 re-

110 3405 250 3470 cusabat.
296 3400 467 3484 Pompeius
492 3403 576 3484 enim
599 3403 762 3466 discedens
786 3401 826 3464 ab
849 3399 929 3463 urbe
952 3400 987 3464 in
1009 3404 1122 3463 senatu
1142 3415 1158 3460 a

110 3500 234 3565 dixerat
253 3499 363 3565 eodem
386 3521 420 3562 se
437 3498 625 3564 habiturum
642 3499 724 3584 loco,
743 3497 799 3580 qui
816 3494 939 3560 Romae
957 3496 1124 3561 remansis-

110 3603 180 3662 sent
204 3602 237 3662 et
261 3597 322 3681 qui.
346 3597 517 3659 incastris
546 3593 691 3659 Caesaris
714 3595 859 3658 fuissent.
907 3591 959 3659 Sic
982 3593 1125 3657 triduum
1144 3607 1160 3654 3
