2584 4075
296 252 412 308 *comm
430 253 479 307 Ill.
503 253 594 306 seAP.
613 253 895 306 xxxv-LXXVIII.
1040 254 1100 315 121

86 418 206 482 magna
233 401 324 482 parte
355 397 658 479 impedimentorum
691 402 723 461 et
756 399 952 461 sarcinarum
983 398 1103 482 relicta,

88 495 129 557 ad
155 494 234 558 haec
266 493 437 576 repetenda
466 494 596 558 invitati
628 495 869 578 propinquitate
903 496 1103 578 superiorum

88 595 269 656 castrorum
291 591 446 674 depositis
465 592 501 655 in
518 591 728 656 contubernio
748 593 844 655 armis
866 591 986 659 vallum
1009 591 1102 656 relin-

88 689 240 773 quebant.
286 686 409 763 Quibus
433 689 473 751 ad
496 689 692 772 sequendum
719 688 890 773 impeditis,
921 688 1007 771 quod
1033 688 1138 751 forae

87 786 282 869 providerat,
305 783 422 849 Caesar
444 785 619 849 meridiano
646 785 714 848 fere
743 787 888 868 tempore
916 784 1008 868 signo
1031 805 1102 867 pro-

73 883 236 947 ¹fectionis
261 882 336 946 dato
364 883 539 946 exercitum
566 883 671 946 educit
695 882 920 965 duplicatoque
948 881 1016 945 eius
1040 880 1103 943 diei

86 981 204 1045 itinere
226 997 289 1042 vm
315 979 405 1043 milia
428 1002 583 1063 passuum
610 1001 649 1043 ex
677 1001 713 1043 eo
737 979 808 1043 loeo
832 979 987 1063 procedit3
1018 978 1103 1062 quod

86 1078 191 1142 faeere
213 1074 385 1160 Pompeius
409 1077 552 1141 discessu
569 1077 711 1140 militum
732 1098 800 1140 non
821 1076 937 1161 potuit.
1047 1080 1090 1150 V

155 1172 316 1240 LXXVII.
353 1172 487 1238 Postero
516 1174 566 1238 die
594 1171 711 1237 Caesar
740 1172 888 1236 similiter
918 1175 1135 1256 praemissisl

89 1272 193 1355 prima
215 1274 309 1334 nocte
332 1271 567 1354 impedimentis
590 1271 628 1334 de
652 1275 767 1354 quarta
789 1270 901 1355 vigilia
925 1271 994 1354 ipse
1017 1291 1102 1356 egre-

89 1370 191 1452 ditur,
219 1371 255 1430 ut
284 1368 312 1431 si
340 1389 404 1451 qua
431 1372 515 1431 esset
543 1369 696 1451 imposita
724 1368 893 1431 dimicandi
919 1368 1103 1452 necessitas

90 1463 235 1528 subitum
262 1485 371 1528 casum
399 1465 545 1547 expedito
574 1464 716 1528 exercitu
744 1464 875 1528 subiret.
921 1464 992 1530 Hoc
1019 1464 1103 1529 idem

88 1560 223 1644 reliquis
246 1560 322 1624 fecit
345 1562 466 1625 diebus.
513 1560 637 1637 Quibus
661 1562 756 1624 rebus
784 1562 961 1644 perfeetum
984 1566 1042 1647 est,
1064 1567 1101 1626 ut
1121 1575 1136 1621 2

90 1657 257 1722 altissimis
289 1657 476 1722 fluminibus
510 1662 606 1740 atque
638 1658 892 1740 impeditissimis
931 1658 1101 1723 itineribus

88 1755 216 1818 nullum
239 1754 394 1837 acciperet
417 1755 661 1818 incommodum.
704 1753 875 1837 Pompeius
900 1755 985 1818 enim
1006 1756 1137 1838 primia

89 1851 153 1915 diei
175 1872 266 1914 mora
288 1852 388 1915 inlata
417 1856 449 1914 et
476 1851 674 1935 reliquorum
704 1851 827 1914 dierum
848 1852 971 1917 frustra
992 1851 1102 1917 labore

90 1951 239 2030 suscepto
263 1969 335 2011 curn
358 1971 392 2012 se
414 1949 540 2032 magnis
563 1948 734 2012 itineribus
754 1949 937 2013 extenderet
961 1954 993 2013 et
1015 1972 1102 2032 prae-

90 2066 219 2131 gressos
251 2046 403 2130 consequi
435 2049 577 2129 cuperet,
605 2051 720 2129 quarto
749 2046 800 2109 die
826 2047 923 2110 finem
951 2047 1102 2130 sequendi

89 2142 166 2205 fecit
186 2145 282 2224 atque
301 2143 387 2206 aliud
411 2142 474 2206 sibi
497 2141 667 2205 eonsilium
689 2143 877 2226 capiendum
898 2144 1101 2207 existimavit.

156 2235 333 2303 LXXVIII.
371 2237 500 2302 Caesari
528 2237 567 2300 ad
594 2238 719 2303 saucios
743 2239 955 2326 deponendos,
985 2241 1136 2324 stipenl

90 2336 179 2399 dium
197 2335 350 2398 exereItui
369 2335 516 2419 dandum,
535 2335 639 2398 socios
654 2337 897 2422 confirmandos
911 2338 1104 2421 praesidium

90 2431 226 2496 urbibus
253 2431 496 2515 relinquendum
523 2452 651 2495 neeesse
681 2437 749 2496 erat
780 2433 866 2497 adire
887 2433 1102 2517 Apolloniam.

91 2526 153 2592 Sed
175 2527 227 2590 his
250 2526 347 2590 rebus
370 2531 498 2591 tantum
521 2529 676 2611 temporis
699 2530 825 2615 tribuit,
855 2536 1012 2614 quantum
1035 2537 1137 2595 erata

91 2624 279 2709 properanti
301 2645 442 2709 neeesse,
465 2624 583 2688 timens
605 2623 760 2712 Domitio,
788 2649 829 2692 ne
853 2628 991 2692 adventu
1012 2626 1104 2691 Pom·

91 2721 144 2805 pei
167 2725 460 2805 praeoccuparetur,
483 2721 619 2785 adeum
642 2723 730 2786 omni
752 2723 915 2787 eeleritate
938 2728 970 2788 et
996 2725 1102 2789 studio

90 2819 244 2883 incitatus
277 2817 448 2881 ferebatur.
495 2817 608 2883 Totius
641 2824 749 2885 autem
780 2820 826 2882 rei
854 2821 1021 2885 consilium
1053 2821 1139 2884 his3

90 2915 272 2981 rationibus
300 2913 494 2998 explicabat,
520 2920 558 2979 ut
586 2917 614 2979 si
641 2915 812 3000 Pompeius
841 2917 951 2982 eodem
978 2921 1104 2982 conten-

3 3052 4 3075 i
91 3012 190 3096 deret,
213 3011 386 3075 abductum
404 3010 497 3074 illum
516 3035 534 3075 a
552 3014 753 3095 mariatque
777 3012 817 3075 ab
836 3012 877 3075 iis
896 3013 1006 3097 copiis,
1025 3035 1103 3097 quas

3 3104 4 3155 i
90 3106 262 3192 Dyrrachii
285 3111 533 3192 comparaverat,
553 3109 728 3193 [frumento
758 3131 794 3173 ac
812 3110 1004 3194 commeatu]
1034 3112 1104 3175 abs-

91 3208 230 3269 tractum
258 3205 328 3288 pari
351 3204 536 3270 condicione
559 3205 637 3268 belli
658 3227 765 3269 secum
784 3206 944 3269 decertare
964 3213 1104 3291 cogeret,

93 3302 120 3364 si
138 3302 174 3365 in
191 3300 320 3366 Italiam
337 3302 504 3387 transiret,
523 3302 694 3367 coniuncto
713 3302 853 3365 exercitu
874 3322 946 3366 cum
959 3301 1103 3367 Domitio

93 3420 150 3480 per
168 3397 334 3482 Illyricum
356 3398 469 3462 Italiae
493 3399 636 3463 subsidio
667 3398 934 3482 proficisceretur,
958 3400 985 3462 si
1007 3398 1105 3483 Apol-

93 3494 215 3560 loniam
246 3494 439 3578 Oricumque
469 3516 654 3580 oppugnare
687 3499 720 3559 et
757 3517 790 3559 se
822 3495 909 3558 omni
945 3496 1106 3561 maritima

3 3652 4 3656 ,
95 3613 151 3655 ora
181 3592 345 3656 excludere
373 3595 555 3678 conaretur,
588 3592 719 3656 obsesso
749 3589 894 3675 Scipione
925 3596 1104 3660 necessario
