2584 4075
318 264 430 321 ooun.
449 265 497 322 111.
536 265 612 320 cle.
632 265 882 319 nsvin-xxxi.
910 234 917 245 ’
1060 264 1104 328 95

85 431 162 474 nere
185 432 220 475 se
249 415 433 496 opponeret,
461 410 489 475 si
515 410 734 495 imprudentes
762 431 801 473 ex
828 408 954 473 insidiis
987 408 1105 472 adoriri

86 511 212 591 posset3
237 507 409 590 eodemque
427 507 478 571 die
496 510 632 589 uterque
651 529 762 572 eorum
780 529 819 570 ex
838 507 952 570 castris
976 505 1103 570 stativis
1123 523 1139 570 3

86 627 105 667 a
128 603 262 668 flumine
284 602 373 686 Apso
398 602 574 667 exercitum
596 603 744 688 educunt,
765 602 938 687 Pompeius
967 603 1050 666 clam
1072 606 1104 665 et

85 704 195 786 noctu,
219 699 337 766 Caesar
359 701 467 784 palam
491 702 588 782 atquc
610 699 758 764 interdiu.
805 696 868 764 Sed
896 698 1025 764 Caesari
1047 699 1140 763 cir-4

85 799 177 863 cuitu
208 798 330 862 maiore
361 799 424 862 iter
456 801 525 862 erat
552 796 697 883 longius,
725 799 857 861 adverso
891 796 1036 881 flumine,
1067 799 1104 858 ut

85 895 168 959 vado
192 895 331 960 transire
353 898 479 979 posset3
502 892 685 981 PompeiuS,
713 895 789 978 quia
811 894 959 978 expedito
989 893 1105 957 itinere

85 992 208 1057 flumen
239 993 269 1057 ei
304 991 533 1056 transcundum
569 1011 637 1054 non
668 994 745 1075 erat,
776 991 902 1075 magnis
934 990 1104 1054 itineribus

86 1090 126 1153 ad
140 1088 331 1153 'Antonium
354 1089 527 1173 contendit,
550 1092 648 1171 atque
671 1088 728 1152 ubi
751 1109 824 1151 eum
847 1088 1104 1172 adpropinquare
1123 1104 1139 1150 5

87 1186 250 1271 cognovit,
272 1185 422 1249 idoneum
443 1185 551 1249 locum
572 1188 687 1249 nactus
715 1185 763 1249 ibi
789 1186 898 1268 copias
926 1184 1105 1249 conlocavit

88 1304 229 1367 suosque
252 1303 362 1347 omnes
385 1281 499 1347 castris
528 1281 690 1346 continuit
717 1282 873 1366 ignesque
899 1282 970 1347 fieri
998 1282 1104 1366 prohi-

88 1380 170 1464 buit,
194 1379 437 1463 quoroccultior
456 1383 542 1443 esset
565 1379 632 1443 eius
657 1379 821 1443 adventus.
867 1378 956 1444 Haec
978 1380 1018 1443 ad
1040 1378 1104 1442 An-
1124 1395 1139 1442 6

87 1477 216 1541 tonium
239 1478 352 1541 statim
373 1499 431 1560 per
454 1474 593 1540 Graecos
616 1476 811 1540 deferuntur.
852 1475 913 1541 Ille
934 1477 1042 1540 missis
1066 1477 1105 1540 ad

89 1571 259 1638 Caesarem
275 1574 400 1638 nuntiis
417 1595 519 1637 unum
536 1572 620 1637 diem
639 1594 709 1637 sese
727 1574 842 1637 castris
864 1575 984 1658 tenuit3
1004 1574 1104 1638 altero

89 1670 204 1736 dicad
233 1693 307 1735 eum
334 1671 480 1755 pervenit
508 1667 633 1734 Caesar.
680 1667 780 1734 Cuius
809 1671 948 1734 adventu
974 1671 1139 1755 cognitos

89 1767 273 1854 Pompeius,
295 1778 336 1833 ne
358 1769 483 1833 duobus
512 1768 812 1840 circumcluderetur
836 1767 1038 1852 exercitibus,
1067 1789 1105 1831 ex

91 1889 130 1931 eo
160 1866 231 1930 loco
265 1865 398 1930 discedit
431 1863 644 1947 omnibusque
676 1864 777 1948 copiis
816 1864 855 1927 ad
890 1864 1106 1949 Asparagium

90 1961 366 2049 Dyrrachinorum
392 1962 538 2047 pervenit
566 1965 663 2046 atque
691 1962 737 2025 ibi
765 1961 879 2024 idoneo
907 1961 978 2026 loco
1001 1965 1106 2026 castra

90 2061 192 2147 ponit.

178 2156 296 2223 XXXL
332 2157 395 2222 His
414 2157 613 2241 temporibus
633 2155 740 2241 Scipio
760 2158 960 2223 detrimentis
975 2157 1105 2242 quibus·
1126 2173 1139 2219 1

90 2256 163 2321 dam
186 2255 270 2319 circa
296 2259 440 2320 montem
466 2254 628 2318 Amanum
656 2256 794 2338 acceptis
822 2255 1050 2338 imperatorem
1072 2277 1105 2319 se

91 2353 316 2438 appellaverat.
353 2351 423 2428 Quo
437 2352 523 2416 facto
542 2352 729 2416 civitatibus
747 2353 959 2436 tyrannisque
972 2373 1105 2437 magnas
1124 2367 1140 2413 r

90 2451 304 2535 imperaverat
326 2450 492 2534 pecunias,
520 2450 599 2512 item
626 2472 645 2512 a
671 2448 852 2533 publicanis
878 2472 954 2513 suae
979 2450 1106 2533 provin-

90 2548 157 2612 ciae
185 2544 327 2609 debitam
354 2546 477 2610 biennii
504 2545 671 2629 pecuniam
698 2549 847 2630 exegerat
875 2550 907 2610 et
935 2546 974 2610 ab
1005 2546 1106 2609 isdem

90 2643 291 2728 insequentis
319 2644 395 2707 anmi
421 2647 568 2706 mutuam
594 2646 798 2726 praeceperat
826 2643 1014 2726 equitesque
1044 2643 1106 2707 toti

91 2740 275 2825 provinciae
292 2740 512 2825 imperaverat.
549 2737 672 2814 Quibus
691 2740 820 2824 coactiS,
839 2740 986 2803 finitimis
1004 2739 1106 2803 hosti·
1125 2753 1141 2800 3

91 2839 152 2901 bus
175 2835 306 2900 Parthis
329 2840 404 2920 post
427 2857 462 2900 se
484 2836 614 2921 relictis,
638 2837 694 2919 qui
721 2838 817 2919 paulo
846 2840 920 2900 ante
947 2835 991 2900 M.
1016 2834 1106 2901 Gras-

92 2955 163 2997 sum
186 2932 414 3014 imperatorem
435 2933 662 2997 interfecerant
681 2936 714 2996 et
732 2932 774 2995 M.
789 2931 942 2997 Bibulum
964 2934 1001 2996 in
1023 2932 1106 2996 obsi-

10 3089 11 3104 ,
92 3030 186 3094 dione
199 3027 389 3115 habuerant,
401 3030 545 3113 legiones
560 3031 748 3114 equitesque
762 3051 801 3094 ex
815 3028 908 3113 Syria
925 3031 1105 3093 deduxerat.

10 3127 11 3130 ’
92 3124 320 3209 Summamque
333 3126 368 3190 in
381 3127 631 3191 sollicitudinem
650 3149 687 3191 ao
700 3127 850 3190 timorem
867 3125 1011 3190 Parthici
1029 3127 1107 3191 belli
1125 3141 1142 3186 4

91 3222 256 3306 provincia
288 3243 360 3285 cum
391 3222 545 3307 venisset,
577 3246 614 3288 ac
643 3222 818 3288 nonnullae
845 3224 986 3286 militum
1013 3245 1106 3287 voces

91 3340 164 3383 cam
200 3318 387 3382 audirentur
420 3341 502 3405 sese,
534 3324 648 3385 contra
682 3319 810 3384 hostem
842 3321 871 3384 si
907 3321 1108 3407 ducerentur,

90 3415 209 3500 ituroS,
241 3417 354 3479 contra
382 3416 482 3480 civem
510 3420 542 3480 et
570 3418 734 3481 consulem
761 3439 850 3481 arma
876 3438 944 3480 non
974 3418 1108 3504 laturos,

91 3512 237 3576 deductis
260 3509 452 3595 Pergamum
475 3516 572 3596 atque
594 3514 630 3578 in
657 3513 926 3597 locupletissimas
954 3514 1050 3579 urbes
1073 3516 1109 3579 in

89 3609 226 3675 hiberna
259 3608 440 3692 legionibus
467 3610 622 3675 maximas
655 3610 845 3696 largitiones
873 3612 949 3677 fecit
977 3616 1009 3678 et
1036 3634 1109 3677 con-
