<?xml version="1.0" encoding="UTF-8"?>
<!DOCTYPE html PUBLIC "-//W3C//DTD XHTML 1.0 Transitional//EN"
    "http://www.w3.org/TR/xhtml1/DTD/xhtml1-transitional.dtd">
<html xmlns="http://www.w3.org/1999/xhtml" xml:lang="en" lang="en">
 <head>
  <title>
</title>
<meta http-equiv="Content-Type" content="text/html;charset=utf-8" />
  <meta name='ocr-system' content='tesseract 3.04.00' />
  <meta name='ocr-capabilities' content='ocr_page ocr_carea ocr_par ocr_line ocrx_word'/>
</head>
<body>
  <div class='ocr_page' id='page_1' title='image "./ciuliicaesarisc00woelgoog_0092.png"; bbox 0 0 2584 4075; ppageno 0'>
   <div class='ocr_carea' id='block_1_1' title="bbox 171 246 835 311">
    <p class='ocr_par' dir='ltr' id='par_1_1' title="bbox 171 246 835 311">
     <span class='ocr_line' id='line_1_1' title="bbox 171 246 835 311; baseline -0.003 -10"><span class='ocrx_word' id='word_1_1' title='bbox 171 248 214 311; x_wconf 82' lang='lat'>36</span> <span class='ocrx_word' id='word_1_2' title='bbox 522 246 570 300; x_wconf 82' lang='lat' dir='ltr'>DE</span> <span class='ocrx_word' id='word_1_3' title='bbox 589 246 706 300; x_wconf 83' lang='lat' dir='ltr'><strong>BELLO</strong></span> <span class='ocrx_word' id='word_1_4' title='bbox 727 246 835 300; x_wconf 81' lang='lat' dir='ltr'><strong>CIVILI</strong></span> 
     </span>
    </p>
   </div>
   <div class='ocr_carea' id='block_1_2' title="bbox 86 389 1287 1736">
    <p class='ocr_par' dir='ltr' id='par_1_2' title="bbox 86 389 1287 1736">
     <span class='ocr_line' id='line_1_2' title="bbox 170 389 1183 476; baseline -0.004 -21"><span class='ocrx_word' id='word_1_5' title='bbox 170 396 229 476; x_wconf 88' lang='lat' dir='ltr'>tes,</span> <span class='ocrx_word' id='word_1_6' title='bbox 256 391 318 456; x_wconf 87' lang='lat' dir='ltr'>etsi</span> <span class='ocrx_word' id='word_1_7' title='bbox 341 389 513 454; x_wconf 81' lang='lat' dir='ltr'>difficulter</span> <span class='ocrx_word' id='word_1_8' title='bbox 541 394 637 473; x_wconf 89' lang='lat' dir='ltr'>atque</span> <span class='ocrx_word' id='word_1_9' title='bbox 666 412 760 474; x_wconf 80' lang='lat' dir='ltr'>aegre</span> <span class='ocrx_word' id='word_1_10' title='bbox 786 391 901 474; x_wconf 80' lang='lat' dir='ltr'>fiebat,</span> <span class='ocrx_word' id='word_1_11' title='bbox 921 394 1055 473; x_wconf 77' lang='lat' dir='ltr'><strong>possent</strong></span> <span class='ocrx_word' id='word_1_12' title='bbox 1078 394 1183 453; x_wconf 87' lang='lat' dir='ltr'>tamen</span> 
     </span>
     <span class='ocr_line' id='line_1_3' title="bbox 136 485 1215 573; baseline -0.006 -18"><span class='ocrx_word' id='word_1_13' title='bbox 136 493 267 573; x_wconf 83' lang='lat' dir='ltr'>aatque</span> <span class='ocrx_word' id='word_1_14' title='bbox 291 488 442 551; x_wconf 90' lang='lat' dir='ltr'>auderent</span> <span class='ocrx_word' id='word_1_15' title='bbox 469 485 588 550; x_wconf 90' lang='lat' dir='ltr'>flumen</span> <span class='ocrx_word' id='word_1_16' title='bbox 614 487 767 573; x_wconf 87' lang='lat' dir='ltr'>transire,</span> <span class='ocrx_word' id='word_1_17' title='bbox 794 488 918 572; x_wconf 80' lang='lat' dir='ltr'>pedites</span> <span class='ocrx_word' id='word_1_18' title='bbox 946 509 1023 550; x_wconf 82' lang='lat' dir='ltr'>vero</span> <span class='ocrx_word' id='word_1_19' title='bbox 1046 490 1184 550; x_wconf 88' lang='lat' dir='ltr'>tantum·</span> <span class='ocrx_word' id='word_1_20' title='bbox 1212 523 1215 527; x_wconf 92' lang='lat'>-</span> 
     </span>
     <span class='ocr_line' id='line_1_4' title="bbox 170 584 1186 668; baseline -0.003 -19"><span class='ocrx_word' id='word_1_21' title='bbox 170 586 264 650; x_wconf 90' lang='lat' dir='ltr'>modo</span> <span class='ocrx_word' id='word_1_22' title='bbox 295 584 439 649; x_wconf 92' lang='lat' dir='ltr'>humeris</span> <span class='ocrx_word' id='word_1_23' title='bbox 472 605 508 647; x_wconf 92' lang='lat' dir='ltr'>ac</span> <span class='ocrx_word' id='word_1_24' title='bbox 541 605 665 664; x_wconf 84' lang='lat' dir='ltr'>summo</span> <span class='ocrx_word' id='word_1_25' title='bbox 694 588 823 668; x_wconf 89' lang='lat' dir='ltr'>pectore</span> <span class='ocrx_word' id='word_1_26' title='bbox 853 588 1016 648; x_wconf 82' lang='lat' dir='ltr'>exstarent</span> <span class='ocrx_word' id='word_1_27' title='bbox 1049 588 1081 647; x_wconf 96' lang='lat' dir='ltr'>et</span> <span class='ocrx_word' id='word_1_28' title='bbox 1114 606 1186 647; x_wconf 88' lang='lat' dir='ltr'>cum</span> 
     </span>
     <span class='ocr_line' id='line_1_5' title="bbox 172 680 1186 765; baseline -0.003 -19"><span class='ocrx_word' id='word_1_29' title='bbox 172 682 341 746; x_wconf 75' lang='lat' dir='ltr'>altitudine</span> <span class='ocrx_word' id='word_1_30' title='bbox 361 703 461 765; x_wconf 87' lang='lat' dir='ltr'>aquae</span> <span class='ocrx_word' id='word_1_31' title='bbox 479 684 550 744; x_wconf 92' lang='lat' dir='ltr'>tum</span> <span class='ocrx_word' id='word_1_32' title='bbox 568 680 666 744; x_wconf 89' lang='lat' dir='ltr'>etiam</span> <span class='ocrx_word' id='word_1_33' title='bbox 684 681 856 765; x_wconf 86' lang='lat' dir='ltr'>rapiditate</span> <span class='ocrx_word' id='word_1_34' title='bbox 869 682 1010 745; x_wconf 89' lang='lat' dir='ltr'>fluminis</span> <span class='ocrx_word' id='word_1_35' title='bbox 1030 682 1070 745; x_wconf 92' lang='lat' dir='ltr'>ad</span> <span class='ocrx_word' id='word_1_36' title='bbox 1083 685 1186 744; x_wconf 89' lang='lat' dir='ltr'>trans-</span> 
     </span>
     <span class='ocr_line' id='line_1_6' title="bbox 136 775 1186 861; baseline -0.005 -14"><span class='ocrx_word' id='word_1_37' title='bbox 136 802 152 848; x_wconf 84' lang='lat'><strong>3</strong></span> <span class='ocrx_word' id='word_1_38' title='bbox 172 779 311 844; x_wconf 88' lang='lat' dir='ltr'>cundum</span> <span class='ocrx_word' id='word_1_39' title='bbox 332 778 570 861; x_wconf 83' lang='lat' dir='ltr'>impedirentur.</span> <span class='ocrx_word' id='word_1_40' title='bbox 610 775 672 841; x_wconf 81' lang='lat' dir='ltr'>Sed</span> <span class='ocrx_word' id='word_1_41' title='bbox 694 782 803 842; x_wconf 90' lang='lat' dir='ltr'>tamen</span> <span class='ocrx_word' id='word_1_42' title='bbox 826 780 936 843; x_wconf 90' lang='lat' dir='ltr'>eodem</span> <span class='ocrx_word' id='word_1_43' title='bbox 957 779 1024 843; x_wconf 82' lang='lat' dir='ltr'>fere</span> <span class='ocrx_word' id='word_1_44' title='bbox 1042 783 1186 861; x_wconf 88' lang='lat' dir='ltr'>tempore</span> 
     </span>
     <span class='ocr_line' id='line_1_7' title="bbox 86 873 1187 961; baseline -0.003 -20"><span class='ocrx_word' id='word_1_45' title='bbox 86 873 91 880; x_wconf 53' lang='lat'><strong>⁴</strong></span> <span class='ocrx_word' id='word_1_46' title='bbox 171 899 253 961; x_wconf 91' lang='lat' dir='ltr'>pons</span> <span class='ocrx_word' id='word_1_47' title='bbox 276 877 312 940; x_wconf 91' lang='lat' dir='ltr'>in</span> <span class='ocrx_word' id='word_1_48' title='bbox 324 876 446 940; x_wconf 89' lang='lat' dir='ltr'>Hibero</span> <span class='ocrx_word' id='word_1_49' title='bbox 470 896 570 959; x_wconf 89' lang='lat' dir='ltr'>prope</span> <span class='ocrx_word' id='word_1_50' title='bbox 594 874 724 938; x_wconf 75' lang='lat' dir='ltr'>eftectus</span> <span class='ocrx_word' id='word_1_51' title='bbox 747 875 958 939; x_wconf 85' lang='lat' dir='ltr'>nuntiabatur</span> <span class='ocrx_word' id='word_1_52' title='bbox 982 878 1014 938; x_wconf 91' lang='lat' dir='ltr'>et</span> <span class='ocrx_word' id='word_1_53' title='bbox 1031 875 1067 938; x_wconf 92' lang='lat' dir='ltr'>in</span> <span class='ocrx_word' id='word_1_54' title='bbox 1084 873 1187 938; x_wconf 81' lang='lat' dir='ltr'>Sicori</span> 
     </span>
     <span class='ocr_line' id='line_1_8' title="bbox 172 969 1234 1056; baseline -0.007 -19"><span class='ocrx_word' id='word_1_55' title='bbox 172 974 289 1037; x_wconf 81' lang='lat' dir='ltr'>uadum</span> <span class='ocrx_word' id='word_1_56' title='bbox 311 972 537 1056; x_wconf 85' lang='lat' dir='ltr'>reperiebatur.</span> <span class='ocrx_word' id='word_1_57' title='bbox 1230 969 1234 974; x_wconf 76' lang='grc'><strong>’</strong></span> 
     </span>
     <span class='ocr_line' id='line_1_9' title="bbox 139 1069 1187 1152; baseline -0.004 -16"><span class='ocrx_word' id='word_1_58' title='bbox 139 1091 152 1136; x_wconf 87' lang='grc'>1</span> <span class='ocrx_word' id='word_1_59' title='bbox 239 1069 355 1134; x_wconf 87' lang='lat' dir='ltr'><strong>LXIII.</strong></span> <span class='ocrx_word' id='word_1_60' title='bbox 391 1069 460 1133; x_wconf 88' lang='lat' dir='ltr'>Iam</span> <span class='ocrx_word' id='word_1_61' title='bbox 486 1091 561 1133; x_wconf 84' lang='lat' dir='ltr'>vero</span> <span class='ocrx_word' id='word_1_62' title='bbox 590 1091 627 1133; x_wconf 90' lang='lat' dir='ltr'>eo</span> <span class='ocrx_word' id='word_1_63' title='bbox 655 1069 758 1152; x_wconf 90' lang='lat' dir='ltr'>magis</span> <span class='ocrx_word' id='word_1_64' title='bbox 791 1069 840 1131; x_wconf 90' lang='lat' dir='ltr'>illi</span> <span class='ocrx_word' id='word_1_65' title='bbox 872 1069 1100 1132; x_wconf 90' lang='lat' dir='ltr'>maturandum</span> <span class='ocrx_word' id='word_1_66' title='bbox 1126 1070 1187 1133; x_wconf 92' lang='lat' dir='ltr'>iter</span> 
     </span>
     <span class='ocr_line' id='line_1_10' title="bbox 173 1159 1186 1250; baseline -0.001 -19"><span class='ocrx_word' id='word_1_67' title='bbox 173 1159 409 1231; x_wconf 85' lang='lat' dir='ltr'>existimabant.</span> <span class='ocrx_word' id='word_1_68' title='bbox 460 1166 574 1250; x_wconf 87' lang='lat' dir='ltr'>Itaque</span> <span class='ocrx_word' id='word_1_69' title='bbox 601 1166 725 1230; x_wconf 91' lang='lat' dir='ltr'>duabus</span> <span class='ocrx_word' id='word_1_70' title='bbox 756 1165 966 1229; x_wconf 83' lang='lat' dir='ltr'>auxiliaribus</span> <span class='ocrx_word' id='word_1_71' title='bbox 998 1166 1186 1230; x_wconf 73' lang='lat' dir='ltr'>cohortibus</span> 
     </span>
     <span class='ocr_line' id='line_1_11' title="bbox 172 1259 1187 1349; baseline -0.002 -21"><span class='ocrx_word' id='word_1_72' title='bbox 172 1265 294 1329; x_wconf 87' lang='lat' dir='ltr'>Ilerdae</span> <span class='ocrx_word' id='word_1_73' title='bbox 316 1264 476 1349; x_wconf 88' lang='lat' dir='ltr'>praesidio</span> <span class='ocrx_word' id='word_1_74' title='bbox 500 1264 620 1327; x_wconf 88' lang='lat' dir='ltr'>relictis</span> <span class='ocrx_word' id='word_1_75' title='bbox 641 1263 789 1327; x_wconf 87' lang='lat' dir='ltr'>omnibus</span> <span class='ocrx_word' id='word_1_76' title='bbox 809 1262 910 1345; x_wconf 89' lang='lat' dir='ltr'>copiis</span> <span class='ocrx_word' id='word_1_77' title='bbox 926 1259 1063 1325; x_wconf 78' lang='lat' dir='ltr'>Sicorim</span> <span class='ocrx_word' id='word_1_78' title='bbox 1084 1266 1187 1326; x_wconf 90' lang='lat' dir='ltr'>trans-</span> 
     </span>
     <span class='ocr_line' id='line_1_12' title="bbox 174 1358 1186 1450; baseline 0 -26"><span class='ocrx_word' id='word_1_79' title='bbox 174 1366 250 1424; x_wconf 91' lang='lat' dir='ltr'>eunt</span> <span class='ocrx_word' id='word_1_80' title='bbox 264 1365 296 1424; x_wconf 91' lang='lat' dir='ltr'>et</span> <span class='ocrx_word' id='word_1_81' title='bbox 311 1384 383 1425; x_wconf 88' lang='lat' dir='ltr'>cum</span> <span class='ocrx_word' id='word_1_82' title='bbox 396 1360 519 1424; x_wconf 89' lang='lat' dir='ltr'>duabus</span> <span class='ocrx_word' id='word_1_83' title='bbox 534 1360 726 1450; x_wconf 79' lang='lat' dir='ltr'>legionibus,</span> <span class='ocrx_word' id='word_1_84' title='bbox 741 1381 819 1442; x_wconf 90' lang='lat' dir='ltr'>quas</span> <span class='ocrx_word' id='word_1_85' title='bbox 840 1358 1059 1442; x_wconf 86' lang='lat' dir='ltr'>superioribus</span> <span class='ocrx_word' id='word_1_86' title='bbox 1075 1360 1186 1424; x_wconf 90' lang='lat' dir='ltr'>diebus</span> 
     </span>
     <span class='ocr_line' id='line_1_13' title="bbox 140 1454 1187 1542; baseline -0.002 -20"><span class='ocrx_word' id='word_1_87' title='bbox 140 1479 155 1524; x_wconf 82' lang='lat'>2</span> <span class='ocrx_word' id='word_1_88' title='bbox 175 1458 390 1542; x_wconf 85' lang='lat' dir='ltr'>traduxerant,</span> <span class='ocrx_word' id='word_1_89' title='bbox 414 1461 518 1521; x_wconf 90' lang='lat' dir='ltr'>castra</span> <span class='ocrx_word' id='word_1_90' title='bbox 542 1457 749 1542; x_wconf 87' lang='lat' dir='ltr'>coniungunt.</span> <span class='ocrx_word' id='word_1_91' title='bbox 787 1455 1041 1539; x_wconf 85' lang='lat' dir='ltr'>Relinquebatur</span> <span class='ocrx_word' id='word_1_92' title='bbox 1058 1454 1187 1521; x_wconf 81' lang='lat' dir='ltr'>Caesari</span> 
     </span>
     <span class='ocr_line' id='line_1_14' title="bbox 173 1554 1287 1639; baseline -0.002 -20"><span class='ocrx_word' id='word_1_93' title='bbox 173 1555 266 1639; x_wconf 81' lang='lat' dir='ltr'>nihil,</span> <span class='ocrx_word' id='word_1_94' title='bbox 282 1555 346 1618; x_wconf 88' lang='lat' dir='ltr'>nisi</span> <span class='ocrx_word' id='word_1_95' title='bbox 364 1555 414 1618; x_wconf 91' lang='lat' dir='ltr'>uti</span> <span class='ocrx_word' id='word_1_96' title='bbox 428 1554 574 1637; x_wconf 89' lang='lat' dir='ltr'>equitatu</span> <span class='ocrx_word' id='word_1_97' title='bbox 589 1575 704 1638; x_wconf 83' lang='lat' dir='ltr'>agmen</span> <span class='ocrx_word' id='word_1_98' title='bbox 717 1554 971 1617; x_wconf 89' lang='lat' dir='ltr'>adversariorum</span> <span class='ocrx_word' id='word_1_99' title='bbox 989 1554 1073 1617; x_wconf 90' lang='lat' dir='ltr'>male</span> <span class='ocrx_word' id='word_1_100' title='bbox 1092 1554 1187 1618; x_wconf 60' lang='lat' dir='ltr'>habe*</span> <span class='ocrx_word' id='word_1_101' title='bbox 1285 1555 1287 1562; x_wconf 74' lang='lat'>&#39;</span> 
     </span>
     <span class='ocr_line' id='line_1_15' title="bbox 174 1650 1187 1736; baseline -0.002 -21"><span class='ocrx_word' id='word_1_102' title='bbox 174 1657 224 1715; x_wconf 88' lang='lat' dir='ltr'>ret</span> <span class='ocrx_word' id='word_1_103' title='bbox 247 1656 279 1715; x_wconf 93' lang='lat' dir='ltr'>et</span> <span class='ocrx_word' id='word_1_104' title='bbox 302 1657 452 1736; x_wconf 79' lang='lat' dir='ltr'>carperet.</span> <span class='ocrx_word' id='word_1_105' title='bbox 498 1650 584 1715; x_wconf 88' lang='lat' dir='ltr'>Pons</span> <span class='ocrx_word' id='word_1_106' title='bbox 608 1652 694 1715; x_wconf 85' lang='lat' dir='ltr'>enirn</span> <span class='ocrx_word' id='word_1_107' title='bbox 715 1650 818 1734; x_wconf 90' lang='lat' dir='ltr'>ipsius</span> <span class='ocrx_word' id='word_1_108' title='bbox 842 1672 996 1735; x_wconf 87' lang='lat' dir='ltr'>magnum</span> <span class='ocrx_word' id='word_1_109' title='bbox 1018 1650 1187 1714; x_wconf 87' lang='lat' dir='ltr'>circuitum</span> 
     </span>
    </p>
   </div>
   <div class='ocr_carea' id='block_1_3' title="bbox 173 1747 1187 1836">
    <p class='ocr_par' dir='ltr' id='par_1_3' title="bbox 173 1747 1187 1836">
     <span class='ocr_line' id='line_1_16' title="bbox 173 1747 1187 1836; baseline 0 -24"><span class='ocrx_word' id='word_1_110' title='bbox 173 1749 328 1836; x_wconf 90' lang='lat' dir='ltr'>habebat,</span> <span class='ocrx_word' id='word_1_111' title='bbox 360 1754 396 1813; x_wconf 94' lang='lat' dir='ltr'>ut</span> <span class='ocrx_word' id='word_1_112' title='bbox 427 1749 531 1814; x_wconf 91' lang='lat' dir='ltr'>multo</span> <span class='ocrx_word' id='word_1_113' title='bbox 564 1749 710 1813; x_wconf 81' lang='lat' dir='ltr'>breuiore</span> <span class='ocrx_word' id='word_1_114' title='bbox 741 1748 856 1810; x_wconf 88' lang='lat' dir='ltr'>itinere</span> <span class='ocrx_word' id='word_1_115' title='bbox 882 1747 931 1810; x_wconf 93' lang='lat' dir='ltr'>illi</span> <span class='ocrx_word' id='word_1_116' title='bbox 960 1747 999 1810; x_wconf 90' lang='lat' dir='ltr'>ad</span> <span class='ocrx_word' id='word_1_117' title='bbox 1029 1747 1187 1812; x_wconf 90' lang='lat' dir='ltr'>Hiberum</span> 
     </span>
    </p>
   </div>
   <div class='ocr_carea' id='block_1_4' title="bbox 141 1842 1188 2029">
    <p class='ocr_par' dir='ltr' id='par_1_4' title="bbox 141 1842 1188 2029">
     <span class='ocr_line' id='line_1_17' title="bbox 141 1842 1187 1939; baseline -0.002 -29"><span class='ocrx_word' id='word_1_118' title='bbox 141 1864 156 1910; x_wconf 87' lang='lat'><strong>3</strong></span> <span class='ocrx_word' id='word_1_119' title='bbox 174 1848 494 1939; x_wconf 39' lang='lat' dir='ltr'>pervenire-possent.</span> <span class='ocrx_word' id='word_1_120' title='bbox 522 1846 659 1930; x_wconf 82' lang='lat' dir='ltr'>Equites</span> <span class='ocrx_word' id='word_1_121' title='bbox 675 1845 714 1908; x_wconf 90' lang='lat' dir='ltr'>ab</span> <span class='ocrx_word' id='word_1_122' title='bbox 730 1865 767 1907; x_wconf 93' lang='lat' dir='ltr'>eo</span> <span class='ocrx_word' id='word_1_123' title='bbox 781 1843 872 1907; x_wconf 88' lang='grc'>111111</span> <span class='ocrx_word' id='word_1_124' title='bbox 887 1842 1006 1906; x_wconf 87' lang='lat' dir='ltr'>flumen</span> <span class='ocrx_word' id='word_1_125' title='bbox 1018 1848 1187 1908; x_wconf 90' lang='lat' dir='ltr'>transeunt</span> 
     </span>
     <span class='ocr_line' id='line_1_18' title="bbox 176 1938 1188 2029; baseline -0.001 -23"><span class='ocrx_word' id='word_1_126' title='bbox 176 1948 217 2028; x_wconf 93' lang='lat' dir='ltr'>et,</span> <span class='ocrx_word' id='word_1_127' title='bbox 239 1968 311 2010; x_wconf 89' lang='lat' dir='ltr'>cum</span> <span class='ocrx_word' id='word_1_128' title='bbox 334 1946 371 2009; x_wconf 94' lang='lat' dir='ltr'>de</span> <span class='ocrx_word' id='word_1_129' title='bbox 394 1946 491 2009; x_wconf 88' lang='lat' dir='ltr'>tertia</span> <span class='ocrx_word' id='word_1_130' title='bbox 509 1943 621 2029; x_wconf 83' lang='lat' dir='ltr'>vigilia</span> <span class='ocrx_word' id='word_1_131' title='bbox 633 1940 779 2005; x_wconf 88' lang='lat' dir='ltr'>Petreius</span> <span class='ocrx_word' id='word_1_132' title='bbox 800 1943 896 2023; x_wconf 90' lang='lat' dir='ltr'>atque</span> <span class='ocrx_word' id='word_1_133' title='bbox 909 1938 1064 2004; x_wconf 85' lang='lat' dir='ltr'>Afranius</span> <span class='ocrx_word' id='word_1_134' title='bbox 1084 1945 1188 2005; x_wconf 87' lang='lat' dir='ltr'>castra</span> 
     </span>
    </p>
   </div>
   <div class='ocr_carea' id='block_1_5' title="bbox 140 2039 1259 3674">
    <p class='ocr_par' dir='ltr' id='par_1_5' title="bbox 174 2039 1188 2317">
     <span class='ocr_line' id='line_1_19' title="bbox 175 2039 1188 2127; baseline -0.001 -23"><span class='ocrx_word' id='word_1_135' title='bbox 175 2043 364 2127; x_wconf 80' lang='lat' dir='ltr'>movissent,</span> <span class='ocrx_word' id='word_1_136' title='bbox 391 2047 521 2125; x_wconf 91' lang='lat' dir='ltr'>repente</span> <span class='ocrx_word' id='word_1_137' title='bbox 550 2064 618 2105; x_wconf 91' lang='lat' dir='ltr'>sese</span> <span class='ocrx_word' id='word_1_138' title='bbox 646 2040 686 2103; x_wconf 90' lang='lat' dir='ltr'>ad</span> <span class='ocrx_word' id='word_1_139' title='bbox 707 2039 918 2103; x_wconf 83' lang='lat' dir='ltr'>novissimum</span> <span class='ocrx_word' id='word_1_140' title='bbox 946 2059 1061 2122; x_wconf 82' lang='lat' dir='ltr'>agmen</span> <span class='ocrx_word' id='word_1_141' title='bbox 1084 2043 1188 2103; x_wconf 91' lang='lat' dir='ltr'>osten-</span> 
     </span>
     <span class='ocr_line' id='line_1_20' title="bbox 175 2135 1188 2222; baseline 0.001 -23"><span class='ocrx_word' id='word_1_142' title='bbox 175 2137 255 2200; x_wconf 90' lang='lat' dir='ltr'>dunt</span> <span class='ocrx_word' id='word_1_143' title='bbox 288 2143 320 2201; x_wconf 89' lang='lat' dir='ltr'>et</span> <span class='ocrx_word' id='word_1_144' title='bbox 350 2160 466 2222; x_wconf 86' lang='lat' dir='ltr'>magna</span> <span class='ocrx_word' id='word_1_145' title='bbox 492 2138 699 2201; x_wconf 88' lang='lat' dir='ltr'>multitudine</span> <span class='ocrx_word' id='word_1_146' title='bbox 726 2136 917 2200; x_wconf 87' lang='lat' dir='ltr'>circumfusa</span> <span class='ocrx_word' id='word_1_147' title='bbox 944 2135 1063 2199; x_wconf 89' lang='lat' dir='ltr'>morari</span> <span class='ocrx_word' id='word_1_148' title='bbox 1092 2141 1188 2220; x_wconf 87' lang='lat' dir='ltr'>atque</span> 
     </span>
     <span class='ocr_line' id='line_1_21' title="bbox 174 2229 600 2317; baseline 0 -21"><span class='ocrx_word' id='word_1_149' title='bbox 174 2234 237 2297; x_wconf 90' lang='lat' dir='ltr'>iter</span> <span class='ocrx_word' id='word_1_150' title='bbox 259 2234 411 2316; x_wconf 86' lang='lat' dir='ltr'>impedire</span> <span class='ocrx_word' id='word_1_151' title='bbox 434 2229 600 2317; x_wconf 81' lang='lat' dir='ltr'>incipiunt.</span> 
     </span>
    </p>

    <p class='ocr_par' dir='ltr' id='par_1_6' title="bbox 141 2328 1259 2904">
     <span class='ocr_line' id='line_1_22' title="bbox 141 2328 1188 2414; baseline 0.001 -21"><span class='ocrx_word' id='word_1_152' title='bbox 141 2339 154 2384; x_wconf 92' lang='lat'>1</span> <span class='ocrx_word' id='word_1_153' title='bbox 241 2328 372 2393; x_wconf 86' lang='lat' dir='ltr'><strong>LXIIII.</strong></span> <span class='ocrx_word' id='word_1_154' title='bbox 408 2329 515 2394; x_wconf 91' lang='lat' dir='ltr'>Prima</span> <span class='ocrx_word' id='word_1_155' title='bbox 546 2330 616 2393; x_wconf 89' lang='lat' dir='ltr'>luce</span> <span class='ocrx_word' id='word_1_156' title='bbox 649 2353 687 2393; x_wconf 87' lang='lat' dir='ltr'>ex</span> <span class='ocrx_word' id='word_1_157' title='bbox 721 2330 940 2414; x_wconf 88' lang='lat' dir='ltr'>superioribus</span> <span class='ocrx_word' id='word_1_158' title='bbox 978 2329 1075 2414; x_wconf 76' lang='lat' dir='ltr'>lociS,</span> <span class='ocrx_word' id='word_1_159' title='bbox 1107 2352 1188 2413; x_wconf 90' lang='lat' dir='ltr'>quae</span> 
     </span>
     <span class='ocr_line' id='line_1_23' title="bbox 176 2418 1259 2513; baseline -0.001 -22"><span class='ocrx_word' id='word_1_160' title='bbox 176 2426 320 2491; x_wconf 77' lang='lat' dir='ltr'>Caesaris</span> <span class='ocrx_word' id='word_1_161' title='bbox 344 2428 469 2490; x_wconf 87' lang='lat' dir='ltr'>castris·</span> <span class='ocrx_word' id='word_1_162' title='bbox 485 2431 575 2490; x_wconf 89' lang='lat' dir='ltr'>erant</span> <span class='ocrx_word' id='word_1_163' title='bbox 604 2427 783 2513; x_wconf 88' lang='lat' dir='ltr'>coniuncta,</span> <span class='ocrx_word' id='word_1_164' title='bbox 806 2427 995 2490; x_wconf 79' lang='lat' dir='ltr'>cernebatur</span> <span class='ocrx_word' id='word_1_165' title='bbox 1025 2427 1187 2509; x_wconf 87' lang='lat' dir='ltr'>equitatus</span> <span class='ocrx_word' id='word_1_166' title='bbox 1257 2418 1259 2423; x_wconf 51' lang='grc'>’</span> 
     </span>
     <span class='ocr_line' id='line_1_24' title="bbox 174 2523 1188 2607; baseline -0.002 -19"><span class='ocrx_word' id='word_1_167' title='bbox 174 2525 278 2588; x_wconf 91' lang='lat' dir='ltr'>nostri</span> <span class='ocrx_word' id='word_1_168' title='bbox 309 2524 430 2607; x_wconf 88' lang='lat' dir='ltr'>proelio</span> <span class='ocrx_word' id='word_1_169' title='bbox 462 2524 655 2589; x_wconf 80' lang='lat' dir='ltr'>novissimos</span> <span class='ocrx_word' id='word_1_170' title='bbox 692 2524 823 2588; x_wconf 89' lang='lat' dir='ltr'>illorum</span> <span class='ocrx_word' id='word_1_171' title='bbox 854 2525 956 2606; x_wconf 90' lang='lat' dir='ltr'>premi</span> <span class='ocrx_word' id='word_1_172' title='bbox 986 2523 1188 2587; x_wconf 86' lang='lat' dir='ltr'>vehementer</span> 
     </span>
     <span class='ocr_line' id='line_1_25' title="bbox 176 2619 1188 2704; baseline -0.004 -17"><span class='ocrx_word' id='word_1_173' title='bbox 176 2645 211 2687; x_wconf 87' lang='lat' dir='ltr'>ac</span> <span class='ocrx_word' id='word_1_174' title='bbox 245 2643 487 2704; x_wconf 89' lang='lat' dir='ltr'>nonnumquam</span> <span class='ocrx_word' id='word_1_175' title='bbox 519 2619 695 2685; x_wconf 90' lang='lat' dir='ltr'>subsistere</span> <span class='ocrx_word' id='word_1_176' title='bbox 734 2625 911 2685; x_wconf 85' lang='lat' dir='ltr'>extremum</span> <span class='ocrx_word' id='word_1_177' title='bbox 943 2640 1057 2704; x_wconf 89' lang='lat' dir='ltr'>agmen</span> <span class='ocrx_word' id='word_1_178' title='bbox 1092 2624 1188 2703; x_wconf 90' lang='lat' dir='ltr'>atque</span> 
     </span>
     <span class='ocr_line' id='line_1_26' title="bbox 174 2716 1188 2803; baseline -0.003 -19"><span class='ocrx_word' id='word_1_179' title='bbox 174 2718 374 2803; x_wconf 75' lang='lat' dir='ltr'>interrumpi,</span> <span class='ocrx_word' id='word_1_180' title='bbox 401 2717 480 2781; x_wconf 89' lang='lat' dir='ltr'>alias</span> <span class='ocrx_word' id='word_1_181' title='bbox 508 2717 618 2781; x_wconf 77' lang='lat' dir='ltr'>inferri</span> <span class='ocrx_word' id='word_1_182' title='bbox 647 2719 739 2803; x_wconf 84' lang='lat' dir='ltr'>signa</span> <span class='ocrx_word' id='word_1_183' title='bbox 768 2722 800 2781; x_wconf 92' lang='lat' dir='ltr'>et</span> <span class='ocrx_word' id='word_1_184' title='bbox 828 2717 1050 2781; x_wconf 86' lang='lat' dir='ltr'>universarum</span> <span class='ocrx_word' id='word_1_185' title='bbox 1078 2716 1188 2781; x_wconf 88' lang='lat' dir='ltr'>cohor-</span> 
     </span>
     <span class='ocr_line' id='line_1_27' title="bbox 174 2814 1187 2904; baseline -0.003 -24"><span class='ocrx_word' id='word_1_186' title='bbox 174 2817 257 2880; x_wconf 89' lang='lat' dir='ltr'>tium</span> <span class='ocrx_word' id='word_1_187' title='bbox 288 2815 410 2900; x_wconf 71' lang='lat' dir='ltr'>inipetu</span> <span class='ocrx_word' id='word_1_188' title='bbox 436 2818 565 2902; x_wconf 79' lang='lat' dir='ltr'>nostros</span> <span class='ocrx_word' id='word_1_189' title='bbox 596 2814 744 2904; x_wconf 71' lang='lat' dir='ltr'>propelli,</span> <span class='ocrx_word' id='word_1_190' title='bbox 777 2816 850 2879; x_wconf 89' lang='lat' dir='ltr'>dein</span> <span class='ocrx_word' id='word_1_191' title='bbox 877 2837 989 2879; x_wconf 91' lang='lat' dir='ltr'>rursus</span> <span class='ocrx_word' id='word_1_192' title='bbox 1017 2835 1187 2879; x_wconf 81' lang='lat' dir='ltr'>conuersos</span> 
     </span>
    </p>

    <p class='ocr_par' dir='ltr' id='par_1_7' title="bbox 140 2910 1189 3481">
     <span class='ocr_line' id='line_1_28' title="bbox 140 2910 1188 2995; baseline 0.001 -21"><span class='ocrx_word' id='word_1_193' title='bbox 140 2912 308 2995; x_wconf 76' lang='lat' dir='ltr'>ainsequi.</span> <span class='ocrx_word' id='word_1_194' title='bbox 354 2910 445 2974; x_wconf 79' lang='lat' dir='ltr'>Totis</span> <span class='ocrx_word' id='word_1_195' title='bbox 468 2933 543 2976; x_wconf 82' lang='lat' dir='ltr'>vero</span> <span class='ocrx_word' id='word_1_196' title='bbox 568 2912 681 2976; x_wconf 88' lang='lat' dir='ltr'>castris</span> <span class='ocrx_word' id='word_1_197' title='bbox 705 2913 825 2976; x_wconf 89' lang='lat' dir='ltr'>milites</span> <span class='ocrx_word' id='word_1_198' title='bbox 856 2911 1002 2977; x_wconf 91' lang='lat' dir='ltr'>circulari</span> <span class='ocrx_word' id='word_1_199' title='bbox 1027 2914 1059 2975; x_wconf 93' lang='lat' dir='ltr'>et</span> <span class='ocrx_word' id='word_1_200' title='bbox 1082 2912 1188 2976; x_wconf 91' lang='lat' dir='ltr'>dolere</span> 
     </span>
     <span class='ocr_line' id='line_1_29' title="bbox 174 3008 1188 3093; baseline 0 -19"><span class='ocrx_word' id='word_1_201' title='bbox 174 3010 302 3074; x_wconf 88' lang='lat' dir='ltr'>hostem</span> <span class='ocrx_word' id='word_1_202' title='bbox 324 3031 362 3072; x_wconf 84' lang='lat' dir='ltr'>ex</span> <span class='ocrx_word' id='word_1_203' title='bbox 384 3010 532 3073; x_wconf 89' lang='lat' dir='ltr'>manibus</span> <span class='ocrx_word' id='word_1_204' title='bbox 552 3009 682 3093; x_wconf 89' lang='lat' dir='ltr'>dimitti,</span> <span class='ocrx_word' id='word_1_205' title='bbox 701 3010 821 3073; x_wconf 91' lang='lat' dir='ltr'>bellum</span> <span class='ocrx_word' id='word_1_206' title='bbox 838 3028 909 3072; x_wconf 77' lang='lat' dir='ltr'>non‘</span> <span class='ocrx_word' id='word_1_207' title='bbox 922 3008 1102 3073; x_wconf 86' lang='lat' dir='ltr'>necessario</span> <span class='ocrx_word' id='word_1_208' title='bbox 1121 3011 1188 3074; x_wconf 90' lang='lat' dir='ltr'>lon-</span> 
     </span>
     <span class='ocr_line' id='line_1_30' title="bbox 175 3105 1188 3192; baseline -0.001 -21"><span class='ocrx_word' id='word_1_209' title='bbox 175 3108 247 3192; x_wconf 87' lang='lat' dir='ltr'>gius</span> <span class='ocrx_word' id='word_1_210' title='bbox 279 3107 364 3191; x_wconf 89' lang='lat' dir='ltr'>duci,</span> <span class='ocrx_word' id='word_1_211' title='bbox 391 3106 656 3190; x_wconf 75' lang='lat' dir='ltr'>centurionesque</span> <span class='ocrx_word' id='word_1_212' title='bbox 689 3106 902 3190; x_wconf 85' lang='lat' dir='ltr'>tribunosque</span> <span class='ocrx_word' id='word_1_213' title='bbox 933 3105 1074 3169; x_wconf 89' lang='lat' dir='ltr'>militum</span> <span class='ocrx_word' id='word_1_214' title='bbox 1103 3106 1188 3170; x_wconf 91' lang='lat' dir='ltr'>adire</span> 
     </span>
     <span class='ocr_line' id='line_1_31' title="bbox 175 3201 1188 3288; baseline -0.001 -20"><span class='ocrx_word' id='word_1_215' title='bbox 175 3209 271 3287; x_wconf 91' lang='lat' dir='ltr'>atque</span> <span class='ocrx_word' id='word_1_216' title='bbox 300 3204 474 3287; x_wconf 87' lang='lat' dir='ltr'>obsecrare,</span> <span class='ocrx_word' id='word_1_217' title='bbox 501 3207 539 3266; x_wconf 91' lang='lat' dir='ltr'>ut</span> <span class='ocrx_word' id='word_1_218' title='bbox 566 3225 623 3287; x_wconf 87' lang='lat' dir='ltr'>per</span> <span class='ocrx_word' id='word_1_219' title='bbox 651 3225 704 3268; x_wconf 92' lang='lat' dir='ltr'>cos</span> <span class='ocrx_word' id='word_1_220' title='bbox 734 3201 850 3267; x_wconf 77' lang='lat' dir='ltr'>Caesar</span> <span class='ocrx_word' id='word_1_221' title='bbox 878 3202 995 3266; x_wconf 87' lang='lat' dir='ltr'>certior</span> <span class='ocrx_word' id='word_1_222' title='bbox 1022 3203 1123 3288; x_wconf 90' lang='lat' dir='ltr'>fieret,</span> <span class='ocrx_word' id='word_1_223' title='bbox 1149 3225 1188 3267; x_wconf 92' lang='lat' dir='ltr'>ne</span> 
     </span>
     <span class='ocr_line' id='line_1_32' title="bbox 174 3301 1189 3384; baseline -0.001 -21"><span class='ocrx_word' id='word_1_224' title='bbox 174 3301 279 3365; x_wconf 89' lang='lat' dir='ltr'>labori</span> <span class='ocrx_word' id='word_1_225' title='bbox 308 3323 366 3364; x_wconf 87' lang='lat' dir='ltr'>suo</span> <span class='ocrx_word' id='word_1_226' title='bbox 392 3323 456 3364; x_wconf 92' lang='lat' dir='ltr'>neu</span> <span class='ocrx_word' id='word_1_227' title='bbox 487 3301 627 3384; x_wconf 90' lang='lat' dir='ltr'>periculo</span> <span class='ocrx_word' id='word_1_228' title='bbox 661 3304 819 3384; x_wconf 85' lang='lat' dir='ltr'>parceret;</span> <span class='ocrx_word' id='word_1_229' title='bbox 851 3304 981 3383; x_wconf 88' lang='lat' dir='ltr'>paratos</span> <span class='ocrx_word' id='word_1_230' title='bbox 1009 3321 1078 3363; x_wconf 89' lang='lat' dir='ltr'>esse</span> <span class='ocrx_word' id='word_1_231' title='bbox 1111 3321 1189 3384; x_wconf 87' lang='lat' dir='ltr'>sese,</span> 
     </span>
     <span class='ocr_line' id='line_1_33' title="bbox 175 3396 1189 3481; baseline -0.003 -19"><span class='ocrx_word' id='word_1_232' title='bbox 175 3420 270 3481; x_wconf 89' lang='lat' dir='ltr'>posse</span> <span class='ocrx_word' id='word_1_233' title='bbox 293 3401 325 3461; x_wconf 89' lang='lat' dir='ltr'>et</span> <span class='ocrx_word' id='word_1_234' title='bbox 345 3397 458 3461; x_wconf 89' lang='lat' dir='ltr'>audere</span> <span class='ocrx_word' id='word_1_235' title='bbox 478 3419 514 3460; x_wconf 91' lang='lat' dir='ltr'>ea</span> <span class='ocrx_word' id='word_1_236' title='bbox 532 3398 670 3460; x_wconf 86' lang='lat' dir='ltr'>transire</span> <span class='ocrx_word' id='word_1_237' title='bbox 688 3396 815 3481; x_wconf 86' lang='lat' dir='ltr'>flumen,</span> <span class='ocrx_word' id='word_1_238' title='bbox 835 3420 897 3480; x_wconf 90' lang='lat' dir='ltr'>qua</span> <span class='ocrx_word' id='word_1_239' title='bbox 915 3396 1081 3460; x_wconf 88' lang='lat' dir='ltr'>traductus</span> <span class='ocrx_word' id='word_1_240' title='bbox 1105 3401 1189 3460; x_wconf 89' lang='lat' dir='ltr'>esset</span> 
     </span>
    </p>

    <p class='ocr_par' dir='ltr' id='par_1_8' title="bbox 141 3491 1191 3674">
     <span class='ocr_line' id='line_1_34' title="bbox 141 3491 1189 3577; baseline 0 -22"><span class='ocrx_word' id='word_1_241' title='bbox 141 3504 157 3550; x_wconf 87' lang='lat'><strong>3</strong></span> <span class='ocrx_word' id='word_1_242' title='bbox 177 3494 348 3574; x_wconf 84' lang='lat' dir='ltr'>equitatus</span> <span class='ocrx_word' id='word_1_243' title='bbox 387 3494 529 3570; x_wconf 76' lang='lat' dir='ltr'>Quorum</span> <span class='ocrx_word' id='word_1_244' title='bbox 554 3495 661 3558; x_wconf 93' lang='lat' dir='ltr'>studio</span> <span class='ocrx_word' id='word_1_245' title='bbox 686 3498 717 3557; x_wconf 92' lang='lat' dir='ltr'>et</span> <span class='ocrx_word' id='word_1_246' title='bbox 740 3494 872 3557; x_wconf 85' lang='lat' dir='ltr'>vocibus</span> <span class='ocrx_word' id='word_1_247' title='bbox 891 3494 1048 3557; x_wconf 84' lang='lat' dir='ltr'>excitatus</span> <span class='ocrx_word' id='word_1_248' title='bbox 1064 3491 1189 3577; x_wconf 79' lang='lat' dir='ltr'>Caesar,</span> 
     </span>
     <span class='ocr_line' id='line_1_35' title="bbox 178 3590 1191 3674; baseline 0.003 -24"><span class='ocrx_word' id='word_1_249' title='bbox 178 3590 240 3651; x_wconf 86' lang='lat' dir='ltr'>etsi</span> <span class='ocrx_word' id='word_1_250' title='bbox 272 3590 408 3653; x_wconf 87' lang='lat' dir='ltr'>timebat</span> <span class='ocrx_word' id='word_1_251' title='bbox 440 3595 549 3655; x_wconf 91' lang='lat' dir='ltr'>tantae</span> <span class='ocrx_word' id='word_1_252' title='bbox 585 3590 801 3674; x_wconf 88' lang='lat' dir='ltr'>magnitudini</span> <span class='ocrx_word' id='word_1_253' title='bbox 836 3590 979 3653; x_wconf 88' lang='lat' dir='ltr'>fluminis</span> <span class='ocrx_word' id='word_1_254' title='bbox 1015 3590 1191 3654; x_wconf 86' lang='lat' dir='ltr'>exercitum</span> 
     </span>
    </p>
   </div>
   <div class='ocr_carea' id='block_1_6' title="bbox 0 0 1301 4075">
    <p class='ocr_par' dir='ltr' id='par_1_9' title="bbox 0 0 1301 4075">
     <span class='ocr_line' id='line_1_36' title="bbox 0 0 1301 4075; baseline 0 0"><span class='ocrx_word' id='word_1_255' title='bbox 0 0 1301 4075; x_wconf 95' lang='lat' dir='ltr'> </span> 
     </span>
    </p>
   </div>
  </div>
 </body>
</html>
