2584 4075
348 168 506 221 COMMI
480 170 527 222 H.
566 168 642 222 CAP.
664 169 737 223 CVII
738 169 854 223 l—CXl.
1044 169 1105 232 141

154 309 221 374 ΟΧ.
259 311 362 376 Erant
348 315 462 376 tcum
488 311 617 376 Achilla
640 335 693 378 eac
723 314 841 399 copiae,
864 317 901 377 ut
922 335 1026 397 neque
1047 336 1106 377 nu·
1127 333 1141 380 1
1195 332 1199 339 ·

78 430 178 472 mero
201 430 304 492 neque
332 429 447 492 genere
472 409 641 472 hominum
670 432 773 494 neque
796 434 857 474 usu
884 411 930 473 rei
952 411 1038 474 milit
1024 411 1103 474 taris

79 507 337 569 contemnendae
374 506 566 569 riderentur
621 506 714 570 Milia
746 508 832 570 enim
862 525 911 570 xx
942 507 977 570 in
992 508 1142 580 armisa

80 602 238 666 habebat.
275 601 362 666 Haec
381 603 572 667 constabant
595 625 634 666 ex
655 603 843 668 Gabinianis
862 604 947 667 milit
933 604 1031 689 tibus,
1050 605 1106 687 qui

82 701 156 763 iam
178 698 497 763 inconsuetudinem
522 698 760 766 Alexandrinae
783 702 868 765 vitae
892 724 928 765 ac
956 700 1103 765 licentiae

83 797 299 859 venerantet
267 816 439 858 enomen
461 795 727 881 disciplinamque
753 799 866 882 populi
854 797 1032 862 iItomani
1054 795 1105 861 de-

84 892 266 955 didicerant
288 912 468 974 uxoresque
486 892 652 979 duxerant,
628 898 709 957 tex
729 895 851 997 quibus
864 895 1008 981 plerique
1028 896 1105 960 libe-

85 1011 145 1053 ros
168 988 339 1052 habebant
380 987 454 1051 Huc
477 989 667 1054 accedebant
686 992 809 1054 collect
785 996 812 1054 tr
830 1013 869 1054 ex
891 991 1105 1081 praedombus
1125 1009 1141 1055 3

17 1162 21 1167 ⁸
85 1086 338 1196 latronibusque
370 1083 480 1168 Syriae
514 1084 707 1172 Ciliciaeque
743 1089 925 1199 provinciae
957 1089 1094 1152 finitima

21 1171 33 1185 ⁴
87 1206 227 1267 rumque
263 1184 446 1268 regionum3
482 1184 578 1247 multi
614 1190 778 1267 praeterea
814 1188 899 1269 capit
900 1186 928 1249 is
965 1125 1108 1249 damnati

90 1281 265 1364 exulesque
286 1284 506 1343 convenerant.
543 1280 705 1366 Fugitiuis
729 1285 877 1347 omnibus
900 1285 1021 1348 nostris
1045 1305 1108 1346 cer·
1127 1302 1143 1347 4

89 1381 146 1440 tus
171 1380 239 1440 erat
262 1375 474 1441 Alexandriae
497 1383 643 1461 receptus
668 1385 817 1465 certaque
848 1382 933 1445 vitae
957 1381 1110 1463 condicio,

89 1477 130 1536 ut
162 1474 238 1537 dato
269 1474 399 1538 nomine
431 1475 572 1538 militum
603 1470 710 1540 essent
737 1500 885 1560 numer03
916 1499 1054 1560 quorum
1082 1478 1109 1540 si

91 1571 167 1654 quis
196 1593 215 1633 a
244 1571 373 1657 domino
400 1570 662 1656 prehenderetur,
689 1595 846 1637 consensu
878 1573 1019 1647 militum
1051 1574 1110 1637 eri-

90 1668 252 1754 piebatur,
279 1669 335 1751 qui
364 1669 430 1735 uim
445 1690 597 1760 suorum,
625 1668 711 1752 quod
736 1669 772 1731 in
800 1670 898 1732 simili
926 1670 1019 1752 culpa
1042 1692 1109 1733 ver-

93 1765 260 1849 sabantur,
278 1766 340 1848 ipsi
359 1787 417 1847 pro
438 1788 496 1828 suo
514 1765 656 1848 periculo
676 1765 895 1830 defendebant.
933 1763 978 1828 Hi
996 1788 1107 1851 regum
1128 1785 1143 1831 5

92 1863 215 1926 amicos
238 1863 278 1926 ad
300 1866 439 1926 mortem
461 1860 637 1948 deposcere,
655 1863 690 1925 hi
708 1864 793 1926 bona
817 1864 1014 1947 locupletum
1036 1864 1110 1928 diri-

93 1982 181 2046 pere,
214 1960 364 2044 stipendii
397 1960 533 2045 augendi
563 1982 658 2024 causa
686 1961 770 2045 regis
798 1961 928 2024 domum
956 1961 1110 2055 obsidere,

92 2080 195 2142 regno
229 2059 384 2141 expellere
416 2059 508 2142 ulios,
536 2059 616 2122 alios
649 2080 806 2122 arcessere
835 2064 941 2123 vetere
973 2060 1110 2143 quodam

92 2155 304 2220 Alexandrini
322 2156 479 2218 exercitus
497 2155 649 2218 instituto
669 2159 870 2218 consuerant.
883 2163 892 2188 ¹
903 2156 1007 2220 Erant
1021 2179 1109 2240 prae-

94 2257 183 2316 terea
219 2252 364 2335 equitum
392 2252 482 2315 milia
513 2253 596 2320 duo„
639 2252 900 2316 Inveterauerant
931 2253 966 2316 hi
1000 2263 1144 2317 omnesss

94 2351 313 2434 compluribus
334 2349 543 2414 Alexandriae
566 2349 669 2432 bellis,
691 2348 914 2414 Ptolomaeum
931 2356 1057 2434 patrem
1075 2352 1110 2415 iu

95 2470 231 2533 regnum
261 2448 466 2531 reduxerant,
497 2446 607 2510 Bibuli
636 2447 722 2510 filios
755 2447 835 2510 duos
873 2448 1109 2532 interfecerant,

96 2546 182 2609 bella
204 2566 276 2607 cum
298 2542 469 2628 Aegyptiis
493 2547 666 2629 gesserant.
703 2542 788 2606 Hinc
811 2565 906 2605 usum
924 2544 971 2607 rei
992 2545 1109 2607 milita·
1240 2579 1243 2588 ·

96 2643 141 2706 ris
163 2641 336 2705 habebant.
1138 2633 1144 2642 ’

163 2737 245 2803 CXI.
281 2737 342 2801 His
365 2738 466 2821 copiis
489 2739 589 2802 fidens
609 2736 752 2801 Achillas
775 2736 1033 2821 paucitatemque
1051 2739 1108 2801 mi·
1128 2753 1142 2800 1

96 2838 193 2900 litum
216 2835 360 2899 Caesaris
384 2836 560 2918 despiciens
585 2835 761 2917 occupabat
775 2833 1003 2897 Alexandriam
1022 2856 1110 2916 prae·

97 2938 147 2996 ter
174 2955 244 2996 eam
274 2932 383 3016 oppidi
410 2937 544 3016 partem,
576 2953 673 3015 quam
701 2930 818 2994 Caesar
845 2951 918 2993 cum
949 2930 1109 2995 militibus

97 3029 237 3114 tenebat,
254 3030 359 3112 primo
378 3029 500 3110 impetu
519 3028 650 3091 domum
669 3028 736 3091 eius
755 3028 937 3109 inrumpere
961 3031 1109 3119 conatus3

97 3126 152 3190 sed
167 3124 284 3189 Caesar
306 3124 473 3208 dispositis
497 3146 553 3206 per
572 3124 640 3186 vias
659 3124 846 3189 cohortibus
867 3124 1025 3207 impetum
1041 3125 1110 3188 eius

98 3222 262 3287 sustinuit.
294 3223 479 3304 Eodemque
498 3224 641 3302 tempore
660 3226 839 3305 pugnatum
853 3225 902 3284 est
917 3222 955 3285 ad
971 3226 1112 3308 portum,
1130 3236 1146 3284 2

97 3341 135 3384 ac
157 3320 254 3403 longe
276 3319 448 3382 maximam
470 3339 507 3381 ea
526 3339 576 3380 res
596 3317 707 3380 attulit
726 3317 970 3382 dimicationem.
1008 3316 1112 3383 Simul
1131 3334 1147 3380 3

97 3417 184 3480 enim
202 3416 340 3479 diductis
359 3415 460 3497 copiis
479 3413 628 3497 pluribus
646 3414 708 3476 viis
727 3414 933 3497 pugnabatur
948 3419 979 3478 et
995 3438 1112 3501 magna

97 3513 304 3577 multitudine
327 3532 424 3575 naves
448 3512 561 3596 longas
586 3532 739 3594 occupare
761 3510 872 3575 hostes
900 3512 1112 3597 conabantur3
