2584 4075
185 234 227 294 '1¹2³
533 233 583 285 DE
601 232 719 285 BELLO
738 233 847 287 cmm

183 378 359 442 exercitum
380 380 417 442 in
438 396 544 441 casm
564 377 688 440 reducit
717 379 785 441 suis
813 378 963 441 omnibus
991 382 1122 461 praeter
1146 377 1206 441 Fa·

184 476 275 539 bium
304 476 534 557 incolumibus,
560 496 600 537 ex
626 496 760 538 numero
789 474 1045 538 adversariorum
1074 475 1206 538 circiter

141 598 147 611 ·
184 590 231 637 nc
253 574 433 637 interfectis
455 594 491 635 ae
513 572 603 635 mille
624 571 815 653 vulneratis,
843 572 900 654 qui
922 593 1034 635 omnes
1058 572 1206 637 discessu
1288 602 1289 635 r

184 667 336 734 Curionis
348 671 509 753 multique
521 674 685 752 praetcrea
699 691 756 751 per
774 668 1013 732 simulationem
1030 669 1207 733 vulnerum

185 791 223 831 er
246 767 361 832 castris
384 768 420 830 in
441 767 597 850 oppidum
617 772 752 849 propter
773 766 923 829 timorem
941 788 1012 830 sese
1032 766 1205 850 recipiunt.

149 884 167 930 c
185 863 255 938 (bra
272 885 307 926 re
325 862 545 926 anirnadrersa
558 860 665 925 Varus
687 868 720 925 et
742 867 864 926 terrore
886 863 1046 926 exercitus
1070 863 1205 947 cognito

185 962 373 1024 bucinatore
395 960 567 1023 incastris
589 964 623 1022 et
645 961 756 1042 paucis
784 960 824 1023 ad
847 960 986 1043 speciem
1015 961 1205 1024 tabernacu-

184 1060 226 1121 lis
248 1058 369 1121 relictis
392 1057 431 1120 dc
452 1057 551 1120 tertia
572 1056 685 1141 vigilia
708 1056 837 1121 silentio
860 1058 1037 1120 exercitum
1060 1058 1096 1120 in
1115 1059 1206 1140 oppi-

185 1157 262 1219 dum
283 1155 415 1218 reducit.
1287 1166 1289 1211 ἱ

151 1274 165 1318 1
252 1250 400 1315 mvi
436 1249 572 1314 Postero
595 1251 647 1315 die
670 1249 769 1315 Curio
792 1251 938 1315 obsidere
956 1250 1088 1316 Uticam
1106 1253 1205 1316 vallo-
1288 1254 1289 1259 ’

185 1371 248 1433 que
269 1348 514 1412 circummunire
536 1348 689 1411 instituit.
725 1348 807 1412 Erat
829 1350 865 1411 in
882 1348 1001 1432 oppido
1024 1350 1204 1414 multitudo

185 1446 326 1535 insciens
349 1445 427 1509 belli
449 1445 663 1508 diuturnitate
691 1446 760 1527 otii,
786 1444 954 1509 Uticenses
982 1467 1042 1529 pro
1071 1447 1205 1530 quibus·

186 1538 259 1606 da'm
282 1539 427 1604 Caesaris
449 1541 486 1604 in
507 1562 542 1604 sc
560 1540 724 1604 beneficiis
742 1542 792 1605 illi
810 1542 1005 1626 amicissimi,
1024 1548 1203 1608 conventus

186 1640 225 1725 is,
247 1641 303 1724 qui
325 1661 364 1702 ex
387 1638 484 1702 variis
507 1638 681 1722 generibus
708 1643 884 1722 constaret,
910 1643 1016 1703 terror
1043 1662 1084 1703 ex
1113 1663 1204 1724 supe·

151 1738 326 1804 ‘arioribus
349 1736 480 1820 proeliis
502 1756 649 1820 magnus.
693 1734 808 1818 Itaque
835 1737 874 1799 de
902 1737 1064 1801 deditione
1092 1760 1203 1802 omnes

186 1838 250 1901 iam
272 1835 379 1918 palam
400 1833 616 1916 loquebantur
643 1837 677 1895 et
704 1853 777 1895 cum
803 1829 837 1894 P.
865 1832 958 1896 Attio
990 1834 1141 1919 agebant,
1163 1856 1203 1899 nc

151 1951 167 1998 a
187 1955 245 1995 sua
262 1930 439 2015 pertinacia
457 1929 600 1992 omnium
617 1927 765 1991 fortunas
779 1930 962 2011 perturbari
976 1930 1082 1994 vellet.
1116 1931 1203 1996 Haec

187 2052 260 2092 cum
277 2030 458 2111 agerentur,
475 2025 582 2089 nuntii
599 2024 769 2108 praemissi
787 2025 827 2090 ab
847 2047 922 2111 rege
937 2025 1020 2091 Iuba
1038 2035 1204 2115 venerunt,

187 2126 244 2208 qui
274 2125 367 2187 illum
397 2123 507 2186 adesse
539 2144 612 2185 cum
643 2123 769 2206 magnis
800 2125 902 2208 copiis
935 2126 1076 2190 dicerent
1105 2132 1138 2192 et
1166 2129 1203 2192 de

187 2220 332 2285 custodia
361 2241 397 2283 ac
429 2219 611 2283 defensione
643 2220 734 2284 urbis
770 2220 986 2286 hortarentur.
1033 2222 1122 2297 Quae
1151 2248 1203 2290 res

187 2340 297 2382 eorum
320 2317 508 2399 perterritos
531 2316 656 2380 animos
679 2318 889 2382 confirmavit.

153 2435 167 2481 1
252 2411 417 2477 XXXVII.
454 2410 700 2476 Nuntiabantur
726 2411 805 2475 haec
832 2413 942 2477 eadem
969 2411 1118 2499 Curioni,
1148 2416 1203 2478 sed

188 2510 384 2597 aliquamdiu
414 2509 492 2573 fides
524 2508 594 2573 fieri
625 2529 692 2572 non
723 2514 865 2594 poterat,
901 2514 1026 2574 tantam
1062 2510 1204 2576 habebat

153 2629 318 2676 asuerum
340 2630 448 2672 rerum
469 2606 626 2671 fiduciam.
672 2604 804 2689 Iamque
819 2604 964 2671 Caesaris
987 2607 1022 2671 in
1044 2607 1204 2693 Hispania

187 2730 238 2772 res
262 2705 417 2771 secundae
439 2705 473 2768 in
489 2703 632 2767 Africam
654 2703 779 2767 nuntiis
802 2725 839 2767 ac
861 2704 980 2768 litteris
1003 2705 1203 2789 perfereban-

187 2810 249 2871 tur.
296 2803 420 2880 Quibus
444 2801 593 2866 omnibus
620 2801 717 2865 rebus
746 2800 892 2865 sublatus
919 2800 1004 2865 nihil
1026 2807 1140 2867 contra
1170 2826 1203 2868 se

152 2921 296 2987 tregam
318 2923 472 2966 ausurum
494 2898 708 2964 existimabat.
746 2895 808 2961 Sed
826 2898 883 2962 ubi
901 2897 996 2961 certis
1016 2900 1203 2964 auctoribus

188 2999 343 3084 comperit
365 2998 471 3062 minus
494 3014 518 3059 v
541 2999 574 3059 et
596 3013 645 3058 xx
662 2994 793 3059 milibus
814 2995 937 3080 [longe]
961 2994 1002 3059 ab
1018 2994 1116 3060 Utica
1134 2998 1203 3062 eius

188 3098 296 3182 copias
319 3095 440 3181 abesse,
462 3092 583 3158 relictis
602 3092 838 3157 munitionibus
862 3113 931 3155 sese
949 3092 984 3155 in
998 3089 1114 3157 Castra
1128 3091 1203 3158 Cor-

153 3210 170 3257 4
187 3195 273 3259 nelia
290 3193 418 3276 recepit.
455 3189 528 3254 Huc
541 3189 738 3253 frumentum
761 3193 970 3274 comportare,
994 3189 1115 3273 [castra
1136 3213 1203 3254 mu-

187 3291 280 3375 nira]
303 3290 470 3354 materiam
497 3287 640 3351 conferre
669 3285 774 3367 coepit
802 3285 975 3368 statimque
1002 3286 1038 3349 in
1061 3284 1204 3351 Siciliam

188 3386 292 3469 misit,
319 3386 368 3449 uti
396 3385 476 3449 duae
503 3381 646 3465 legiones
674 3380 880 3466 reliquusque
907 3382 1071 3466 equitatus
1100 3385 1142 3449 ad
1169 3407 1203 3448 se

153 3495 169 3540 o
188 3481 380 3544 mitteretur.
418 3479 532 3544 Castra
551 3479 641 3539 erant
655 3476 696 3538 ad
709 3476 830 3541 bellum
845 3478 1022 3543 ducendum
1036 3481 1203 3563 aptissima

188 3576 304 3636 natura
336 3569 398 3636 lo'ci
430 3579 463 3637 et
494 3570 674 3635 munitione
706 3576 739 3633 et
770 3574 868 3636 maris
896 3575 1140 3658 propinquitate
1171 3582 1203 3641 et
