2584 4075
181 222 224 288 92
532 221 580 275 DE
598 219 715 274 BELLO
735 218 845 273 CIVILI

176 367 301 451 busque
324 367 391 431 suis
414 370 576 450 ceperunt,
599 364 743 448 reliquas
761 363 903 446 turpiter
920 362 1065 446 refugere
1085 365 1195 443 coago·
1278 362 1279 365 ’

142 468 262 529 4runt.
306 463 360 528 Ad
379 464 441 528 hoc
464 463 695 527 detrimentum
718 461 862 546 accessit,
890 463 928 523 ut
951 457 1114 542 equitibus
1137 478 1196 540 per

178 583 267 626 oram
292 562 488 625 maritimam
515 560 556 623 ab
584 557 728 622 Antonio
759 557 927 640 dispositis
955 555 1066 639 aquari
1087 552 1197 638 prohi-

176 658 337 723 berentur.
374 657 444 734 Qua
464 657 656 722 necessitate
680 658 712 718 et
732 653 912 739 ignominia
929 655 1093 735 permotus
1112 649 1196 714 Libo

177 755 324 820 discessit
347 779 365 819 a
383 754 557 819 Brundisio
581 753 848 835 obsidionemque
870 753 1058 814 nostrorum
1077 749 1195 812 omisit.
1278 766 1279 797 r

144 871 157 916 1
266 850 367 917 XXV.
403 851 501 917 Multi
530 852 595 915 iam
629 871 757 914 menses
793 848 989 912 transierant
1025 850 1058 910 et
1091 845 1197 910 biems

177 949 577 1034 praecipitaverat„neque
599 946 774 1011 Brundisio
797 966 897 1009 naves
920 944 1128 1028 legionesque
1158 943 1198 1006 ad

179 1042 347 1110 Caesarem
373 1046 552 1110 veniebant.
598 1043 648 1108 Ac
677 1042 856 1107 nonnullae
888 1042 958 1105 eius
989 1041 1036 1105 rei
1059 1045 1198 1125 praeter·

177 1142 295 1207 missae
318 1143 499 1207 occasiones
515 1139 645 1207 Caesari
669 1139 872 1224 videbantur,
890 1139 976 1223 quod
999 1141 1086 1202 certe
1105 1160 1200 1222 saepe

178 1238 334 1302 flaverant
360 1238 464 1323 venti,
490 1237 608 1321 quibus
635 1236 816 1301 necessario
843 1236 1114 1327 ,committendum
1136 1236 1200 1299 exi·

145 1336 341 1400 estimabat.
379 1333 569 1417 Quantoque
597 1335 666 1398 eius
696 1334 835 1417 amplius
857 1337 1058 1417 processerat
1078 1338 1199 1418 tempo-

179 1433 234 1516 ris,
256 1435 348 1496 tanto
373 1435 463 1495 erant
492 1431 661 1496 alacriores
690 1431 730 1494 ad
757 1432 931 1516 custodias,
960 1431 1017 1514 qui
1040 1430 1200 1495 classibus

179 1532 356 1613 praeerant,
383 1528 600 1610 maioremque
627 1527 777 1592 fiduciam
805 1527 998 1612 prohibendi
1025 1527 1200 1613 habebant,
1278 1532 1279 1537 ’

174 1630 212 1690 ’et
231 1625 351 1690 crebris
364 1621 497 1707 Pompei
515 1622 635 1687 litteris
656 1625 908 1709 castigabantur,
927 1625 1082 1708 quoniam
1094 1626 1200 1709 primo

180 1724 360 1787 venientem
391 1718 559 1785 Gaesarem
589 1741 657 1784 non
688 1721 948 1806 prohibuissent,
985 1725 1020 1789 at
1056 1722 1199 1806 reliquos
1278 1742 1279 1747 ¹

180 1822 249 1885 eius
277 1820 382 1883 exitus
408 1817 612 1901 impedirent,
639 1817 815 1901 duriusque
853 1819 971 1882 cotidie
1001 1823 1133 1903 tempus
1162 1819 1199 1883 ad

180 1916 466 2000 transportandam
483 1913 660 1978 lenioribus
679 1915 784 1979 ventis
803 1935 1015 1985 successuram
1039 1921 1200 2000 exspecta-

142 2003 269 2079 s'bant.
301 2011 424 2089 Quibus
438 2011 534 2076 rebus
548 2015 714 2095 permotus
728 2009 846 2077 Caesar
854 2012 1065 2078 Brundisium
1074 2014 1116 2078 ad
1126 2036 1201 2080 suos

182 2113 322 2176 severius
346 2110 484 2194 scripsit,
506 2109 594 2173 nacti
612 2109 764 2174 idoneum
781 2114 916 2174 ventum
937 2132 978 2175 ne
1001 2112 1200 2176 occasionem

181 2208 353 2293 navigandi
371 2208 581 2292 dimitterent,
600 2206 668 2270 sive
687 2206 728 2270 ad
745 2206 844 2270 litora
859 2205 1122 2291 Apolloniatium
1139 2211 1202 2272 sive

182 2309 225 2372 ad
250 2304 434 2369 Labeatium
461 2325 591 2368 cursum
618 2304 763 2388 derigere
792 2307 890 2386 atque
913 2325 950 2368 eo
973 2326 1073 2368 naves
1102 2306 1201 2370 eicere

147 2406 321 2488 sposssnt.
358 2399 445 2464 Haec
468 2423 487 2464 a
509 2401 664 2465 custodiis
687 2400 839 2464 classium
857 2401 928 2465 loca
951 2402 1090 2465 maxime
1114 2424 1201 2482 vaca-

182 2502 275 2583 bant,
311 2497 397 2582 quod
433 2519 467 2560 se
499 2497 629 2581 longius
661 2519 684 2560 a
714 2496 864 2580 portibus
903 2499 1105 2563 committere
1137 2521 1201 2563 non

183 2596 350 2661 audebant.
1196 2623 1256 2663 κ

14 2687 16 2690 ’
149 2711 162 2757 1
248 2690 365 2758 XXVI.
402 2691 455 2756 Illi
474 2691 619 2756 adhibita
638 2692 771 2756 audacia
789 2696 823 2756 et
840 2692 963 2756 virtute
977 2694 1201 2760 administran-
1278 2705 1280 2714 ’

182 2792 270 2857 tibus
293 2789 336 2855 M.
359 2789 502 2853 Antonio
527 2793 558 2853 et
582 2787 675 2853 Fufio
702 2786 831 2874 Caleno,
853 2789 994 2853 multum
1015 2792 1097 2875 ipsis
1120 2794 1201 2856 mili-

182 2890 271 2955 tibus
302 2887 510 2953 hortantibus
538 2907 641 2970 neque
673 2886 778 2949 ullum
805 2886 983 2969 periculum
1010 2909 1070 2971 pro
1099 2889 1203 2954 salute

183 2987 329 3052 Caesaris
361 2984 598 3068 recusantibus,
629 2984 717 3047 nacti
748 2982 907 3046 Austrum
941 3005 1038 3048 naves
1071 2986 1202 3050 solvimt

184 3090 280 3169 atque
308 3084 409 3146 altero
438 3081 489 3145 die
516 3079 725 3164 Apolloniam
755 3079 1033 3165 Dyrrachiumque
1064 3089 1201 3166 praeter·

149 3181 351 3246 evehuntur.
398 3177 461 3254 oui
484 3201 557 3242 cum
580 3180 687 3240 essent
715 3199 753 3240 ex
784 3180 962 3243 continenti
984 3179 1057 3264 visi,
1086 3176 1120 3244 C.
1144 3177 1201 3244 (lo-

99 3314 101 3320 ·
184 3278 310 3361 ponius,
337 3275 393 3360 qui
420 3273 592 3357 Dyrrachii
621 3272 717 3337 classi
744 3272 890 3339 Rhodiae
919 3279 1075 3361 praeerat,
1104 3297 1201 3339 naves

185 3395 223 3435 ex
246 3378 344 3456 portu
367 3372 483 3457 educit,
506 3375 538 3435 et
561 3392 634 3434 cum
657 3370 722 3433 iam
743 3373 865 3436 nostris
895 3372 1077 3436 remissiore
1105 3377 1200 3437 vento

186 3469 492 3550 adpropinquasset,
528 3466 612 3529 idem
649 3467 768 3529 Auster
804 3468 981 3533 increbruit
1015 3469 1201 3552 nostrisque

153 3572 169 3617 3
188 3559 347 3640 praesidio
370 3561 441 3623 fuit.
479 3559 593 3642 Neque
615 3582 691 3624 vero
710 3561 765 3625 ille
784 3564 826 3628 ob
846 3586 915 3628 eam
933 3586 1062 3629 cansam
1085 3570 1200 3631 conatu
