<?xml version="1.0" encoding="UTF-8"?>
<!DOCTYPE html PUBLIC "-//W3C//DTD XHTML 1.0 Transitional//EN"
    "http://www.w3.org/TR/xhtml1/DTD/xhtml1-transitional.dtd">
<html xmlns="http://www.w3.org/1999/xhtml" xml:lang="en" lang="en">
 <head>
  <title>
</title>
<meta http-equiv="Content-Type" content="text/html;charset=utf-8" />
  <meta name='ocr-system' content='tesseract 3.04.00' />
  <meta name='ocr-capabilities' content='ocr_page ocr_carea ocr_par ocr_line ocrx_word'/>
</head>
<body>
  <div class='ocr_page' id='page_1' title='image "./ciuliicaesarisc00woelgoog_0080.png"; bbox 0 0 2584 4075; ppageno 0'>
   <div class='ocr_carea' id='block_1_1' title="bbox 191 250 866 317">
    <p class='ocr_par' dir='ltr' id='par_1_1' title="bbox 191 250 866 317">
     <span class='ocr_line' id='line_1_1' title="bbox 191 250 866 317; baseline -0.006 -9"><span class='ocrx_word' id='word_1_1' title='bbox 191 254 236 317; x_wconf 80' lang='grc'><strong>24</strong></span> <span class='ocrx_word' id='word_1_2' title='bbox 553 251 602 306; x_wconf 87' lang='lat' dir='ltr'><strong>DE</strong></span> <span class='ocrx_word' id='word_1_3' title='bbox 620 250 737 306; x_wconf 86' lang='lat' dir='ltr'><strong>BELLO</strong></span> <span class='ocrx_word' id='word_1_4' title='bbox 757 251 866 306; x_wconf 83' lang='lat' dir='ltr'>CIVILI</span> 
     </span>
    </p>
   </div>
   <div class='ocr_carea' id='block_1_2' title="bbox 156 395 1206 1548">
    <p class='ocr_par' dir='ltr' id='par_1_2' title="bbox 156 395 1206 1548">
     <span class='ocr_line' id='line_1_2' title="bbox 191 395 1205 484; baseline -0.001 -23"><span class='ocrx_word' id='word_1_5' title='bbox 191 398 263 482; x_wconf 84' lang='lat' dir='ltr'><strong>poio</strong></span> <span class='ocrx_word' id='word_1_6' title='bbox 285 398 421 462; x_wconf 88' lang='lat' dir='ltr'><strong>missum</strong></span> <span class='ocrx_word' id='word_1_7' title='bbox 442 398 478 462; x_wconf 94' lang='lat' dir='ltr'><strong>in</strong></span> <span class='ocrx_word' id='word_1_8' title='bbox 491 396 683 481; x_wconf 81' lang='lat' dir='ltr'><strong>Hispaniam</strong></span> <span class='ocrx_word' id='word_1_9' title='bbox 701 397 955 462; x_wconf 87' lang='lat' dir='ltr'><strong>demonstratum</strong></span> <span class='ocrx_word' id='word_1_10' title='bbox 973 402 1032 484; x_wconf 91' lang='lat' dir='ltr'><strong>est,</strong></span> <span class='ocrx_word' id='word_1_11' title='bbox 1049 395 1205 461; x_wconf 72' lang='lat' dir='ltr'><strong>Afranius</strong></span> 
     </span>
     <span class='ocr_line' id='line_1_3' title="bbox 192 492 1205 580; baseline -0.003 -21"><span class='ocrx_word' id='word_1_12' title='bbox 192 500 224 559; x_wconf 90' lang='lat' dir='ltr'><strong>et</strong></span> <span class='ocrx_word' id='word_1_13' title='bbox 255 493 400 559; x_wconf 90' lang='lat' dir='ltr'><strong>Petreius</strong></span> <span class='ocrx_word' id='word_1_14' title='bbox 432 498 465 559; x_wconf 85' lang='lat' dir='ltr'><strong>et</strong></span> <span class='ocrx_word' id='word_1_15' title='bbox 495 492 615 580; x_wconf 90' lang='lat' dir='ltr'><strong>Varro,</strong></span> <span class='ocrx_word' id='word_1_16' title='bbox 645 494 746 578; x_wconf 84' lang='lat' dir='ltr'><strong>legati</strong></span> <span class='ocrx_word' id='word_1_17' title='bbox 777 492 924 580; x_wconf 80' lang='lat' dir='ltr'>Pompei,</span> <span class='ocrx_word' id='word_1_18' title='bbox 952 515 1091 577; x_wconf 90' lang='lat' dir='ltr'><strong>quorum</strong></span> <span class='ocrx_word' id='word_1_19' title='bbox 1122 516 1205 557; x_wconf 92' lang='lat' dir='ltr'><strong>unus</strong></span> 
     </span>
     <span class='ocr_line' id='line_1_4' title="bbox 191 590 1206 677; baseline -0.003 -20"><span class='ocrx_word' id='word_1_20' title='bbox 191 592 381 677; x_wconf 81' lang='lat' dir='ltr'><strong>Hispaniam</strong></span> <span class='ocrx_word' id='word_1_21' title='bbox 404 591 585 656; x_wconf 74' lang='lat' dir='ltr'>citeriorem</span> <span class='ocrx_word' id='word_1_22' title='bbox 607 593 705 657; x_wconf 74' lang='lat' dir='ltr'><strong>tribaca</strong></span> <span class='ocrx_word' id='word_1_23' title='bbox 728 591 905 673; x_wconf 69' lang='lat' dir='ltr'><strong>teutonibus,</strong></span> <span class='ocrx_word' id='word_1_24' title='bbox 929 590 1006 654; x_wconf 83' lang='lat' dir='ltr'><strong>ulter</strong></span> <span class='ocrx_word' id='word_1_25' title='bbox 1030 590 1206 654; x_wconf 73' lang='lat' dir='ltr'><em>ulteriorem</em></span> 
     </span>
     <span class='ocr_line' id='line_1_5' title="bbox 193 685 1205 772; baseline -0.006 -18"><span class='ocrx_word' id='word_1_26' title='bbox 193 713 211 754; x_wconf 90' lang='lat' dir='ltr'><strong>a</strong></span> <span class='ocrx_word' id='word_1_27' title='bbox 235 690 320 754; x_wconf 89' lang='lat' dir='ltr'><strong>saltu</strong></span> <span class='ocrx_word' id='word_1_28' title='bbox 343 686 569 753; x_wconf 78' lang='lat' dir='ltr'><strong>Castulonensi</strong></span> <span class='ocrx_word' id='word_1_29' title='bbox 592 689 631 752; x_wconf 88' lang='lat' dir='ltr'><strong>ad</strong></span> <span class='ocrx_word' id='word_1_30' title='bbox 654 687 761 753; x_wconf 85' lang='lat' dir='ltr'><strong>Anam</strong></span> <span class='ocrx_word' id='word_1_31' title='bbox 783 686 906 750; x_wconf 88' lang='lat' dir='ltr'><strong>duabus</strong></span> <span class='ocrx_word' id='word_1_32' title='bbox 929 685 1123 772; x_wconf 79' lang='lat' dir='ltr'><strong>legionibus,</strong></span> <span class='ocrx_word' id='word_1_33' title='bbox 1145 690 1205 749; x_wconf 89' lang='lat' dir='ltr'><strong>ter·</strong></span> 
     </span>
     <span class='ocr_line' id='line_1_6' title="bbox 191 781 1205 870; baseline -0.004 -20"><span class='ocrx_word' id='word_1_34' title='bbox 191 788 258 851; x_wconf 90' lang='lat' dir='ltr'><strong>tius</strong></span> <span class='ocrx_word' id='word_1_35' title='bbox 290 785 331 850; x_wconf 88' lang='lat' dir='ltr'><strong>ab</strong></span> <span class='ocrx_word' id='word_1_36' title='bbox 367 783 439 850; x_wconf 86' lang='lat' dir='ltr'><strong>Ana</strong></span> <span class='ocrx_word' id='word_1_37' title='bbox 471 783 650 850; x_wconf 88' lang='lat' dir='ltr'><strong>Vettonum</strong></span> <span class='ocrx_word' id='word_1_38' title='bbox 687 807 801 870; x_wconf 84' lang='lat' dir='ltr'><strong>agrum</strong></span> <span class='ocrx_word' id='word_1_39' title='bbox 835 781 1099 866; x_wconf 76' lang='lat' dir='ltr'><strong>Lusitaniamque</strong></span> <span class='ocrx_word' id='word_1_40' title='bbox 1137 784 1205 867; x_wconf 91' lang='lat' dir='ltr'><strong>pari</strong></span> 
     </span>
     <span class='ocr_line' id='line_1_7' title="bbox 156 880 1206 969; baseline -0.006 -20"><span class='ocrx_word' id='word_1_41' title='bbox 156 902 173 949; x_wconf 80' lang='lat'><strong>2</strong></span> <span class='ocrx_word' id='word_1_42' title='bbox 191 905 324 947; x_wconf 90' lang='lat' dir='ltr'><strong>numero</strong></span> <span class='ocrx_word' id='word_1_43' title='bbox 347 882 512 966; x_wconf 83' lang='lat' dir='ltr'><strong>legionum</strong></span> <span class='ocrx_word' id='word_1_44' title='bbox 534 882 712 969; x_wconf 74' lang='lat' dir='ltr'><strong>obtinebat,</strong></span> <span class='ocrx_word' id='word_1_45' title='bbox 731 881 836 947; x_wconf 89' lang='lat' dir='ltr'><strong>officia</strong></span> <span class='ocrx_word' id='word_1_46' title='bbox 854 880 939 943; x_wconf 89' lang='lat' dir='ltr'><strong>inter</strong></span> <span class='ocrx_word' id='word_1_47' title='bbox 957 901 991 943; x_wconf 94' lang='lat' dir='ltr'><strong>se</strong></span> <span class='ocrx_word' id='word_1_48' title='bbox 1011 880 1206 966; x_wconf 87' lang='lat' dir='ltr'><strong>partiuntur,</strong></span> 
     </span>
     <span class='ocr_line' id='line_1_8' title="bbox 192 977 1205 1063; baseline -0.003 -20"><span class='ocrx_word' id='word_1_49' title='bbox 192 981 242 1043; x_wconf 91' lang='lat' dir='ltr'><strong>uti</strong></span> <span class='ocrx_word' id='word_1_50' title='bbox 262 978 409 1043; x_wconf 88' lang='lat' dir='ltr'><strong>Petreius</strong></span> <span class='ocrx_word' id='word_1_51' title='bbox 438 1000 476 1041; x_wconf 87' lang='lat' dir='ltr'><strong>ex</strong></span> <span class='ocrx_word' id='word_1_52' title='bbox 499 978 668 1043; x_wconf 87' lang='lat' dir='ltr'><strong>Lusitania</strong></span> <span class='ocrx_word' id='word_1_53' title='bbox 694 1001 751 1063; x_wconf 89' lang='lat' dir='ltr'><strong>per</strong></span> <span class='ocrx_word' id='word_1_54' title='bbox 773 977 932 1042; x_wconf 83' lang='lat' dir='ltr'><strong>Vettones</strong></span> <span class='ocrx_word' id='word_1_55' title='bbox 962 998 1033 1041; x_wconf 90' lang='lat' dir='ltr'><strong>cum</strong></span> <span class='ocrx_word' id='word_1_56' title='bbox 1057 978 1205 1042; x_wconf 86' lang='lat' dir='ltr'><strong>omnibus</strong></span> 
     </span>
     <span class='ocr_line' id='line_1_9' title="bbox 192 1073 1205 1161; baseline -0.002 -20"><span class='ocrx_word' id='word_1_57' title='bbox 192 1076 292 1160; x_wconf 89' lang='lat' dir='ltr'><strong>copiis</strong></span> <span class='ocrx_word' id='word_1_58' title='bbox 317 1074 357 1140; x_wconf 90' lang='lat' dir='ltr'><strong>ad</strong></span> <span class='ocrx_word' id='word_1_59' title='bbox 378 1074 550 1140; x_wconf 81' lang='lat' dir='ltr'><strong>Afranium</strong></span> <span class='ocrx_word' id='word_1_60' title='bbox 571 1076 804 1161; x_wconf 89' lang='lat' dir='ltr'><strong>proficiscatur,</strong></span> <span class='ocrx_word' id='word_1_61' title='bbox 826 1073 931 1139; x_wconf 89' lang='lat' dir='ltr'><strong>Varro</strong></span> <span class='ocrx_word' id='word_1_62' title='bbox 955 1096 1027 1138; x_wconf 88' lang='lat' dir='ltr'><strong>oum</strong></span> <span class='ocrx_word' id='word_1_63' title='bbox 1052 1075 1104 1160; x_wconf 91' lang='lat' dir='ltr'><strong>iis,</strong></span> <span class='ocrx_word' id='word_1_64' title='bbox 1128 1096 1205 1159; x_wconf 88' lang='lat' dir='ltr'><strong>quas</strong></span> 
     </span>
     <span class='ocr_line' id='line_1_10' title="bbox 191 1169 1205 1259; baseline 0 -23"><span class='ocrx_word' id='word_1_65' title='bbox 191 1172 342 1259; x_wconf 90' lang='lat' dir='ltr'><strong>habebat,</strong></span> <span class='ocrx_word' id='word_1_66' title='bbox 363 1172 546 1256; x_wconf 82' lang='lat' dir='ltr'><strong>legionibus</strong></span> <span class='ocrx_word' id='word_1_67' title='bbox 566 1194 692 1236; x_wconf 90' lang='lat' dir='ltr'><strong>omnem</strong></span> <span class='ocrx_word' id='word_1_68' title='bbox 712 1173 897 1237; x_wconf 87' lang='lat' dir='ltr'><strong>ulteriorem</strong></span> <span class='ocrx_word' id='word_1_69' title='bbox 910 1169 1103 1253; x_wconf 87' lang='lat' dir='ltr'><strong>Hispaniam</strong></span> <span class='ocrx_word' id='word_1_70' title='bbox 1122 1175 1205 1237; x_wconf 90' lang='lat' dir='ltr'><strong>tuea-</strong></span> 
     </span>
     <span class='ocr_line' id='line_1_11' title="bbox 158 1267 1205 1353; baseline -0.003 -18"><span class='ocrx_word' id='word_1_71' title='bbox 158 1290 174 1336; x_wconf 85' lang='lat'><strong>3</strong></span> <span class='ocrx_word' id='word_1_72' title='bbox 193 1273 255 1334; x_wconf 93' lang='lat' dir='ltr'><strong>tur.</strong></span> <span class='ocrx_word' id='word_1_73' title='bbox 301 1268 362 1334; x_wconf 92' lang='lat' dir='ltr'><strong>His</strong></span> <span class='ocrx_word' id='word_1_74' title='bbox 386 1270 482 1333; x_wconf 91' lang='lat' dir='ltr'><strong>rebus</strong></span> <span class='ocrx_word' id='word_1_75' title='bbox 505 1270 692 1334; x_wconf 90' lang='lat' dir='ltr'><strong>constitutis</strong></span> <span class='ocrx_word' id='word_1_76' title='bbox 716 1269 841 1353; x_wconf 89' lang='lat' dir='ltr'><strong>equites</strong></span> <span class='ocrx_word' id='word_1_77' title='bbox 864 1268 1046 1351; x_wconf 88' lang='lat' dir='ltr'><strong>auxiliaque</strong></span> <span class='ocrx_word' id='word_1_78' title='bbox 1069 1270 1134 1334; x_wconf 88' lang='lat' dir='ltr'><strong>toti</strong></span> <span class='ocrx_word' id='word_1_79' title='bbox 1147 1267 1205 1333; x_wconf 90' lang='lat' dir='ltr'><strong>Lu-</strong></span> 
     </span>
     <span class='ocr_line' id='line_1_12' title="bbox 193 1364 1205 1452; baseline 0 -23"><span class='ocrx_word' id='word_1_80' title='bbox 193 1367 327 1430; x_wconf 81' lang='lat' dir='ltr'><strong>sItaniae</strong></span> <span class='ocrx_word' id='word_1_81' title='bbox 350 1389 369 1430; x_wconf 90' lang='lat' dir='ltr'><strong>a</strong></span> <span class='ocrx_word' id='word_1_82' title='bbox 394 1365 536 1450; x_wconf 83' lang='lat' dir='ltr'><strong>Petreio,</strong></span> <span class='ocrx_word' id='word_1_83' title='bbox 564 1364 770 1452; x_wconf 74' lang='lat' dir='ltr'><strong>Celtiberiae,</strong></span> <span class='ocrx_word' id='word_1_84' title='bbox 798 1364 968 1430; x_wconf 78' lang='lat' dir='ltr'><strong>Cantabris</strong></span> <span class='ocrx_word' id='word_1_85' title='bbox 996 1365 1205 1450; x_wconf 89' lang='lat' dir='ltr'><strong>barbarisque</strong></span> 
     </span>
     <span class='ocr_line' id='line_1_13' title="bbox 193 1460 1205 1548; baseline 0.001 -22"><span class='ocrx_word' id='word_1_86' title='bbox 193 1463 352 1548; x_wconf 90' lang='lat' dir='ltr'><strong>omnibus,</strong></span> <span class='ocrx_word' id='word_1_87' title='bbox 375 1463 431 1546; x_wconf 91' lang='lat' dir='ltr'><strong>qui</strong></span> <span class='ocrx_word' id='word_1_88' title='bbox 454 1462 494 1526; x_wconf 90' lang='lat' dir='ltr'><strong>ad</strong></span> <span class='ocrx_word' id='word_1_89' title='bbox 517 1461 679 1527; x_wconf 77' lang='lat' dir='ltr'><strong>Oceanum</strong></span> <span class='ocrx_word' id='word_1_90' title='bbox 701 1464 873 1548; x_wconf 89' lang='lat' dir='ltr'><strong>pertinent,</strong></span> <span class='ocrx_word' id='word_1_91' title='bbox 896 1461 936 1526; x_wconf 90' lang='lat' dir='ltr'><strong>ab</strong></span> <span class='ocrx_word' id='word_1_92' title='bbox 951 1460 1087 1526; x_wconf 83' lang='lat' dir='ltr'><strong>Afranio</strong></span> <span class='ocrx_word' id='word_1_93' title='bbox 1111 1464 1205 1547; x_wconf 90' lang='lat' dir='ltr'><strong>impe-</strong></span> 
     </span>
    </p>
   </div>
   <div class='ocr_carea' id='block_1_3' title="bbox 157 1557 1286 1642">
    <p class='ocr_par' dir='ltr' id='par_1_3' title="bbox 157 1557 1286 1642">
     <span class='ocr_line' id='line_1_14' title="bbox 157 1557 1286 1642; baseline 0.001 -18"><span class='ocrx_word' id='word_1_94' title='bbox 157 1563 312 1625; x_wconf 82' lang='lat' dir='ltr'><strong>4rantur.</strong></span> <span class='ocrx_word' id='word_1_95' title='bbox 350 1558 472 1635; x_wconf 85' lang='lat' dir='ltr'><strong>Quibus</strong></span> <span class='ocrx_word' id='word_1_96' title='bbox 496 1560 614 1624; x_wconf 81' lang='lat' dir='ltr'><strong>coactis</strong></span> <span class='ocrx_word' id='word_1_97' title='bbox 637 1560 782 1624; x_wconf 87' lang='lat' dir='ltr'><strong>celeriter</strong></span> <span class='ocrx_word' id='word_1_98' title='bbox 799 1557 945 1623; x_wconf 86' lang='lat' dir='ltr'><strong>Petreius</strong></span> <span class='ocrx_word' id='word_1_99' title='bbox 968 1581 1025 1642; x_wconf 92' lang='lat' dir='ltr'><strong>per</strong></span> <span class='ocrx_word' id='word_1_100' title='bbox 1048 1558 1205 1625; x_wconf 87' lang='lat' dir='ltr'><strong>Vettones</strong></span> <span class='ocrx_word' id='word_1_101' title='bbox 1285 1593 1286 1636; x_wconf 72' lang='lat'>3</span> 
     </span>
    </p>
   </div>
   <div class='ocr_carea' id='block_1_4' title="bbox 158 1654 1208 2908">
    <p class='ocr_par' dir='ltr' id='par_1_4' title="bbox 192 1654 1205 1938">
     <span class='ocr_line' id='line_1_15' title="bbox 194 1654 1205 1743; baseline -0.001 -22"><span class='ocrx_word' id='word_1_102' title='bbox 194 1658 233 1721; x_wconf 87' lang='lat' dir='ltr'><strong>ad</strong></span> <span class='ocrx_word' id='word_1_103' title='bbox 246 1654 416 1721; x_wconf 82' lang='lat' dir='ltr'><strong>Afranium</strong></span> <span class='ocrx_word' id='word_1_104' title='bbox 433 1656 589 1743; x_wconf 83' lang='lat' dir='ltr'><strong>pervenit,</strong></span> <span class='ocrx_word' id='word_1_105' title='bbox 607 1658 872 1740; x_wconf 87' lang='lat' dir='ltr'><strong>constituuntque</strong></span> <span class='ocrx_word' id='word_1_106' title='bbox 892 1657 1053 1719; x_wconf 81' lang='lat' dir='ltr'><strong>commrmi</strong></span> <span class='ocrx_word' id='word_1_107' title='bbox 1071 1657 1205 1720; x_wconf 88' lang='lat' dir='ltr'><strong>consilio</strong></span> 
     </span>
     <span class='ocr_line' id='line_1_16' title="bbox 192 1752 1205 1838; baseline -0.001 -20"><span class='ocrx_word' id='word_1_108' title='bbox 192 1755 314 1818; x_wconf 91' lang='lat' dir='ltr'><strong>bellum</strong></span> <span class='ocrx_word' id='word_1_109' title='bbox 341 1753 381 1818; x_wconf 89' lang='lat' dir='ltr'><strong>ad</strong></span> <span class='ocrx_word' id='word_1_110' title='bbox 405 1753 543 1819; x_wconf 84' lang='lat' dir='ltr'><strong>Ilerdam</strong></span> <span class='ocrx_word' id='word_1_111' title='bbox 571 1757 704 1838; x_wconf 92' lang='lat' dir='ltr'><strong>propter</strong></span> <span class='ocrx_word' id='word_1_112' title='bbox 730 1753 834 1837; x_wconf 89' lang='lat' dir='ltr'><strong>ipsius</strong></span> <span class='ocrx_word' id='word_1_113' title='bbox 861 1752 925 1817; x_wconf 93' lang='lat' dir='ltr'><strong>loci</strong></span> <span class='ocrx_word' id='word_1_114' title='bbox 953 1753 1205 1835; x_wconf 88' lang='lat' dir='ltr'><strong>oportunitatem</strong></span> 
     </span>
     <span class='ocr_line' id='line_1_17' title="bbox 193 1873 310 1938; baseline 0 -22"><span class='ocrx_word' id='word_1_115' title='bbox 193 1873 310 1938; x_wconf 83' lang='lat' dir='ltr'><strong>gerere.</strong></span> 
     </span>
    </p>

    <p class='ocr_par' dir='ltr' id='par_1_5' title="bbox 159 1947 1207 2324">
     <span class='ocr_line' id='line_1_18' title="bbox 159 1947 1206 2036; baseline -0.002 -22"><span class='ocrx_word' id='word_1_116' title='bbox 159 1967 173 2013; x_wconf 88' lang='lat'>1</span> <span class='ocrx_word' id='word_1_117' title='bbox 258 1948 456 2014; x_wconf 83' lang='lat' dir='ltr'>XXXVIIII.</span> <span class='ocrx_word' id='word_1_118' title='bbox 492 1948 606 2034; x_wconf 84' lang='lat' dir='ltr'><strong>Hrant,</strong></span> <span class='ocrx_word' id='word_1_119' title='bbox 628 1952 666 2012; x_wconf 88' lang='lat' dir='ltr'><strong>ut</strong></span> <span class='ocrx_word' id='word_1_120' title='bbox 689 1969 786 2030; x_wconf 89' lang='lat' dir='ltr'><strong>supra</strong></span> <span class='ocrx_word' id='word_1_121' title='bbox 808 1947 1061 2012; x_wconf 89' lang='lat' dir='ltr'><strong>demonstratum</strong></span> <span class='ocrx_word' id='word_1_122' title='bbox 1085 1952 1144 2036; x_wconf 87' lang='lat' dir='ltr'><strong>est,</strong></span> <span class='ocrx_word' id='word_1_123' title='bbox 1165 1950 1206 2012; x_wconf 93' lang='lat' dir='ltr'><strong>l·</strong></span> 
     </span>
     <span class='ocr_line' id='line_1_19' title="bbox 194 2044 1206 2135; baseline 0.003 -27"><span class='ocrx_word' id='word_1_124' title='bbox 194 2046 304 2130; x_wconf 87' lang='lat' dir='ltr'><strong>giones</strong></span> <span class='ocrx_word' id='word_1_125' title='bbox 327 2044 453 2110; x_wconf 85' lang='lat' dir='ltr'><strong>Afranii</strong></span> <span class='ocrx_word' id='word_1_126' title='bbox 475 2064 524 2132; x_wconf 87' lang='lat'><strong>111,</strong></span> <span class='ocrx_word' id='word_1_127' title='bbox 545 2044 653 2110; x_wconf 89' lang='lat' dir='ltr'><strong>Petrei</strong></span> <span class='ocrx_word' id='word_1_128' title='bbox 676 2045 764 2130; x_wconf 86' lang='lat' dir='ltr'><strong>duae,</strong></span> <span class='ocrx_word' id='word_1_129' title='bbox 786 2050 951 2135; x_wconf 85' lang='lat' dir='ltr'><strong>praeterea</strong></span> <span class='ocrx_word' id='word_1_130' title='bbox 969 2049 1115 2110; x_wconf 87' lang='lat' dir='ltr'><strong>scutatae</strong></span> <span class='ocrx_word' id='word_1_131' title='bbox 1133 2048 1206 2111; x_wconf 90' lang='lat' dir='ltr'><strong>cite·</strong></span> 
     </span>
     <span class='ocr_line' id='line_1_20' title="bbox 193 2141 1206 2226; baseline 0.003 -21"><span class='ocrx_word' id='word_1_132' title='bbox 193 2141 288 2205; x_wconf 88' lang='lat' dir='ltr'><strong>rioris</strong></span> <span class='ocrx_word' id='word_1_133' title='bbox 303 2142 485 2224; x_wconf 85' lang='lat' dir='ltr'><strong>provinciae</strong></span> <span class='ocrx_word' id='word_1_134' title='bbox 499 2147 532 2205; x_wconf 93' lang='lat' dir='ltr'><strong>et</strong></span> <span class='ocrx_word' id='word_1_135' title='bbox 546 2146 686 2207; x_wconf 88' lang='lat' dir='ltr'><strong>cetratae</strong></span> <span class='ocrx_word' id='word_1_136' title='bbox 699 2141 862 2206; x_wconf 89' lang='lat' dir='ltr'><strong>ulterioris</strong></span> <span class='ocrx_word' id='word_1_137' title='bbox 872 2141 1047 2226; x_wconf 90' lang='lat' dir='ltr'><strong>Hispaniae</strong></span> <span class='ocrx_word' id='word_1_138' title='bbox 1057 2144 1206 2208; x_wconf 89' lang='lat' dir='ltr'><strong>cohortes</strong></span> 
     </span>
     <span class='ocr_line' id='line_1_21' title="bbox 193 2238 1207 2324; baseline 0.003 -22"><span class='ocrx_word' id='word_1_139' title='bbox 193 2238 319 2302; x_wconf 88' lang='lat' dir='ltr'><strong>circiter</strong></span> <span class='ocrx_word' id='word_1_140' title='bbox 341 2255 437 2301; x_wconf 82' lang='lat' dir='ltr'><strong>nxxx</strong></span> <span class='ocrx_word' id='word_1_141' title='bbox 461 2239 669 2323; x_wconf 89' lang='lat' dir='ltr'><strong>equitumque</strong></span> <span class='ocrx_word' id='word_1_142' title='bbox 692 2239 860 2324; x_wconf 89' lang='lat' dir='ltr'><strong>utriusque</strong></span> <span class='ocrx_word' id='word_1_143' title='bbox 877 2240 1060 2324; x_wconf 82' lang='lat' dir='ltr'><strong>provinciae</strong></span> <span class='ocrx_word' id='word_1_144' title='bbox 1081 2242 1207 2305; x_wconf 89' lang='lat' dir='ltr'><strong>circiter</strong></span> 
     </span>
    </p>

    <p class='ocr_par' dir='ltr' id='par_1_6' title="bbox 158 2331 1208 2908">
     <span class='ocr_line' id='line_1_22' title="bbox 158 2331 1206 2420; baseline 0.002 -21"><span class='ocrx_word' id='word_1_145' title='bbox 158 2352 216 2399; x_wconf 75' lang='lat' dir='ltr'><strong>av</strong></span> <span class='ocrx_word' id='word_1_146' title='bbox 242 2332 339 2396; x_wconf 89' lang='lat' dir='ltr'><strong>milia.</strong></span> <span class='ocrx_word' id='word_1_147' title='bbox 393 2331 509 2397; x_wconf 81' lang='lat' dir='ltr'><strong>Caesar</strong></span> <span class='ocrx_word' id='word_1_148' title='bbox 540 2334 684 2419; x_wconf 83' lang='lat' dir='ltr'><strong>legiones</strong></span> <span class='ocrx_word' id='word_1_149' title='bbox 715 2335 750 2398; x_wconf 89' lang='lat' dir='ltr'><strong>iu</strong></span> <span class='ocrx_word' id='word_1_150' title='bbox 776 2333 968 2420; x_wconf 88' lang='lat' dir='ltr'><strong>Hispaniam</strong></span> <span class='ocrx_word' id='word_1_151' title='bbox 998 2338 1206 2420; x_wconf 89' lang='lat' dir='ltr'><strong>praemiserat</strong></span> 
     </span>
     <span class='ocr_line' id='line_1_23' title="bbox 193 2428 1207 2520; baseline 0.007 -27"><span class='ocrx_word' id='word_1_152' title='bbox 193 2450 243 2515; x_wconf 78' lang='lat' dir='ltr'><strong>V13</strong></span> <span class='ocrx_word' id='word_1_153' title='bbox 266 2428 385 2493; x_wconf 89' lang='lat' dir='ltr'><strong>auxilia</strong></span> <span class='ocrx_word' id='word_1_154' title='bbox 412 2428 556 2513; x_wconf 89' lang='lat' dir='ltr'><strong>peditum</strong></span> <span class='ocrx_word' id='word_1_155' title='bbox 585 2437 616 2488; x_wconf 91' lang='lat' dir='ltr'>X</span> <span class='ocrx_word' id='word_1_156' title='bbox 640 2430 740 2515; x_wconf 90' lang='lat' dir='ltr'><strong>milia,</strong></span> <span class='ocrx_word' id='word_1_157' title='bbox 766 2434 911 2516; x_wconf 91' lang='lat' dir='ltr'><strong>equitum</strong></span> <span class='ocrx_word' id='word_1_158' title='bbox 937 2451 976 2496; x_wconf 92' lang='lat'><strong>111</strong></span> <span class='ocrx_word' id='word_1_159' title='bbox 1002 2434 1102 2520; x_wconf 89' lang='lat' dir='ltr'><strong>milia,</strong></span> <span class='ocrx_word' id='word_1_160' title='bbox 1130 2457 1207 2516; x_wconf 83' lang='lat' dir='ltr'><strong>quoe</strong></span> 
     </span>
     <span class='ocr_line' id='line_1_24' title="bbox 194 2525 1208 2614; baseline 0.003 -21"><span class='ocrx_word' id='word_1_161' title='bbox 194 2527 342 2593; x_wconf 89' lang='lat' dir='ltr'><strong>omnibus</strong></span> <span class='ocrx_word' id='word_1_162' title='bbox 358 2525 576 2609; x_wconf 88' lang='lat' dir='ltr'><strong>superioribus</strong></span> <span class='ocrx_word' id='word_1_163' title='bbox 591 2526 686 2591; x_wconf 87' lang='lat' dir='ltr'><strong>bellis</strong></span> <span class='ocrx_word' id='word_1_164' title='bbox 700 2527 866 2614; x_wconf 87' lang='lat' dir='ltr'><strong>habuerat,</strong></span> <span class='ocrx_word' id='word_1_165' title='bbox 880 2532 912 2593; x_wconf 90' lang='lat' dir='ltr'><strong>et</strong></span> <span class='ocrx_word' id='word_1_166' title='bbox 925 2551 1035 2612; x_wconf 89' lang='lat' dir='ltr'><strong>parem</strong></span> <span class='ocrx_word' id='word_1_167' title='bbox 1049 2553 1088 2594; x_wconf 86' lang='lat' dir='ltr'><strong>ex</strong></span> <span class='ocrx_word' id='word_1_168' title='bbox 1102 2529 1208 2596; x_wconf 86' lang='lat' dir='ltr'><strong>Gallia</strong></span> 
     </span>
     <span class='ocr_line' id='line_1_25' title="bbox 193 2623 1207 2709; baseline 0.002 -20"><span class='ocrx_word' id='word_1_169' title='bbox 193 2646 369 2709; x_wconf 91' lang='lat' dir='ltr'><strong>numerum,</strong></span> <span class='ocrx_word' id='word_1_170' title='bbox 393 2644 488 2706; x_wconf 92' lang='lat' dir='ltr'><strong>quem</strong></span> <span class='ocrx_word' id='word_1_171' title='bbox 509 2623 579 2706; x_wconf 92' lang='lat' dir='ltr'><strong>ipse</strong></span> <span class='ocrx_word' id='word_1_172' title='bbox 601 2626 773 2706; x_wconf 86' lang='lat' dir='ltr'><strong>paraverat</strong></span> <span class='ocrx_word' id='word_1_173' title='bbox 789 2624 981 2689; x_wconf 90' lang='lat' dir='ltr'><strong>nominatim</strong></span> <span class='ocrx_word' id='word_1_174' title='bbox 999 2647 1038 2690; x_wconf 83' lang='lat' dir='ltr'><strong>ex</strong></span> <span class='ocrx_word' id='word_1_175' title='bbox 1057 2628 1207 2693; x_wconf 89' lang='lat' dir='ltr'><strong>omnibus</strong></span> 
     </span>
     <span class='ocr_line' id='line_1_26' title="bbox 194 2719 1207 2809; baseline 0.003 -22"><span class='ocrx_word' id='word_1_176' title='bbox 194 2720 378 2787; x_wconf 85' lang='lat' dir='ltr'><strong>civitatibus</strong></span> <span class='ocrx_word' id='word_1_177' title='bbox 405 2719 608 2784; x_wconf 89' lang='lat' dir='ltr'><strong>nobilissimo</strong></span> <span class='ocrx_word' id='word_1_178' title='bbox 639 2724 671 2784; x_wconf 89' lang='lat' dir='ltr'><strong>et</strong></span> <span class='ocrx_word' id='word_1_179' title='bbox 697 2720 875 2786; x_wconf 88' lang='lat' dir='ltr'><strong>fortissimo</strong></span> <span class='ocrx_word' id='word_1_180' title='bbox 904 2744 1030 2806; x_wconf 93' lang='lat' dir='ltr'><strong>quoque</strong></span> <span class='ocrx_word' id='word_1_181' title='bbox 1061 2731 1207 2809; x_wconf 80' lang='lat' dir='ltr'><strong>evocat03</strong></span> 
     </span>
     <span class='ocr_line' id='line_1_27' title="bbox 192 2815 1208 2908; baseline 0.003 -24"><span class='ocrx_word' id='word_1_182' title='bbox 192 2820 256 2884; x_wconf 91' lang='lat' dir='ltr'><strong>huc</strong></span> <span class='ocrx_word' id='word_1_183' title='bbox 274 2817 388 2901; x_wconf 90' lang='lat' dir='ltr'><strong>optimi</strong></span> <span class='ocrx_word' id='word_1_184' title='bbox 407 2817 532 2901; x_wconf 79' lang='lat' dir='ltr'><strong>generis</strong></span> <span class='ocrx_word' id='word_1_185' title='bbox 550 2816 718 2881; x_wconf 90' lang='lat' dir='ltr'><strong>hominum</strong></span> <span class='ocrx_word' id='word_1_186' title='bbox 731 2838 770 2880; x_wconf 88' lang='lat' dir='ltr'><strong>ex</strong></span> <span class='ocrx_word' id='word_1_187' title='bbox 785 2815 957 2902; x_wconf 86' lang='lat' dir='ltr'><strong>Aquitanis</strong></span> <span class='ocrx_word' id='word_1_188' title='bbox 971 2823 1208 2908; x_wconf 90' lang='lat' dir='ltr'><strong>montanisque,</strong></span> 
     </span>
    </p>
   </div>
   <div class='ocr_carea' id='block_1_5' title="bbox 161 2913 1265 3001">
    <p class='ocr_par' dir='ltr' id='par_1_7' title="bbox 161 2913 1265 3001">
     <span class='ocr_line' id='line_1_28' title="bbox 161 2913 1265 3001; baseline 0.004 -22"><span class='ocrx_word' id='word_1_189' title='bbox 161 2917 250 3001; x_wconf 79' lang='lat' dir='ltr'><strong>aqui</strong></span> <span class='ocrx_word' id='word_1_190' title='bbox 264 2913 402 2978; x_wconf 79' lang='lat' dir='ltr'><strong>Galbam</strong></span> <span class='ocrx_word' id='word_1_191' title='bbox 420 2914 617 2998; x_wconf 81' lang='lat' dir='ltr'><strong>prouinciam</strong></span> <span class='ocrx_word' id='word_1_192' title='bbox 635 2915 810 3000; x_wconf 82' lang='lat' dir='ltr'><strong>attingunt,</strong></span> <span class='ocrx_word' id='word_1_193' title='bbox 821 2917 981 2980; x_wconf 72' lang='lat' dir='ltr'><strong>‘adrcherot</strong></span> <span class='ocrx_word' id='word_1_194' title='bbox 1103 2921 1207 2983; x_wconf 89' lang='lat' dir='ltr'><strong>audie·</strong></span> <span class='ocrx_word' id='word_1_195' title='bbox 1260 2986 1265 2996; x_wconf 69' lang='lat'>‚</span> 
     </span>
    </p>
   </div>
   <div class='ocr_carea' id='block_1_6' title="bbox 157 3009 1208 3662">
    <p class='ocr_par' dir='ltr' id='par_1_8' title="bbox 157 3009 1208 3662">
     <span class='ocr_line' id='line_1_29' title="bbox 192 3009 1208 3098; baseline 0.001 -21"><span class='ocrx_word' id='word_1_196' title='bbox 192 3017 243 3077; x_wconf 88' lang='lat' dir='ltr'><strong>rat</strong></span> <span class='ocrx_word' id='word_1_197' title='bbox 270 3010 459 3095; x_wconf 90' lang='lat' dir='ltr'><strong>Pompeium</strong></span> <span class='ocrx_word' id='word_1_198' title='bbox 486 3032 542 3094; x_wconf 90' lang='lat' dir='ltr'><strong>per</strong></span> <span class='ocrx_word' id='word_1_199' title='bbox 569 3009 805 3074; x_wconf 88' lang='lat' dir='ltr'><strong>Mauretaniam</strong></span> <span class='ocrx_word' id='word_1_200' title='bbox 833 3034 905 3076; x_wconf 90' lang='lat' dir='ltr'><strong>cum</strong></span> <span class='ocrx_word' id='word_1_201' title='bbox 931 3012 1115 3098; x_wconf 84' lang='lat' dir='ltr'><strong>legionibus</strong></span> <span class='ocrx_word' id='word_1_202' title='bbox 1145 3017 1208 3080; x_wconf 89' lang='lat' dir='ltr'><strong>iter</strong></span> 
     </span>
     <span class='ocr_line' id='line_1_30' title="bbox 192 3107 1207 3192; baseline 0.003 -18"><span class='ocrx_word' id='word_1_203' title='bbox 192 3113 227 3174; x_wconf 90' lang='lat' dir='ltr'><strong>in</strong></span> <span class='ocrx_word' id='word_1_204' title='bbox 239 3108 431 3192; x_wconf 90' lang='lat' dir='ltr'><strong>Hispaniam</strong></span> <span class='ocrx_word' id='word_1_205' title='bbox 443 3109 548 3172; x_wconf 89' lang='lat' dir='ltr'><strong>facere</strong></span> <span class='ocrx_word' id='word_1_206' title='bbox 566 3107 798 3189; x_wconf 80' lang='lat' dir='ltr'><strong>confestimque</strong></span> <span class='ocrx_word' id='word_1_207' title='bbox 812 3128 881 3172; x_wconf 90' lang='lat' dir='ltr'><strong>csse</strong></span> <span class='ocrx_word' id='word_1_208' title='bbox 895 3113 1074 3174; x_wconf 87' lang='lat' dir='ltr'><strong>venturum.</strong></span> <span class='ocrx_word' id='word_1_209' title='bbox 1103 3110 1207 3177; x_wconf 86' lang='lat' dir='ltr'><strong>Simul</strong></span> 
     </span>
     <span class='ocr_line' id='line_1_31' title="bbox 193 3204 1207 3291; baseline 0.001 -20"><span class='ocrx_word' id='word_1_210' title='bbox 193 3232 211 3271; x_wconf 93' lang='lat' dir='ltr'><strong>a</strong></span> <span class='ocrx_word' id='word_1_211' title='bbox 234 3206 373 3271; x_wconf 90' lang='lat' dir='ltr'><strong>tribunis</strong></span> <span class='ocrx_word' id='word_1_212' title='bbox 397 3206 538 3269; x_wconf 88' lang='lat' dir='ltr'><strong>militum</strong></span> <span class='ocrx_word' id='word_1_213' title='bbox 565 3204 871 3289; x_wconf 89' lang='lat' dir='ltr'><strong>centurionibusque</strong></span> <span class='ocrx_word' id='word_1_214' title='bbox 897 3208 1027 3270; x_wconf 86' lang='lat' dir='ltr'><strong>mutuas</strong></span> <span class='ocrx_word' id='word_1_215' title='bbox 1054 3210 1207 3291; x_wconf 88' lang='lat' dir='ltr'><strong>pecunias</strong></span> 
     </span>
     <span class='ocr_line' id='line_1_32' title="bbox 157 3301 1207 3388; baseline 0.006 -24"><span class='ocrx_word' id='word_1_216' title='bbox 157 3304 344 3388; x_wconf 75' lang='lat' dir='ltr'><strong>lsumpsit3</strong></span> <span class='ocrx_word' id='word_1_217' title='bbox 366 3302 425 3367; x_wconf 89' lang='lat' dir='ltr'><strong>has</strong></span> <span class='ocrx_word' id='word_1_218' title='bbox 450 3302 602 3367; x_wconf 80' lang='lat' dir='ltr'><strong>exercitui</strong></span> <span class='ocrx_word' id='word_1_219' title='bbox 625 3301 800 3365; x_wconf 89' lang='lat' dir='ltr'><strong>distribuit.</strong></span> <span class='ocrx_word' id='word_1_220' title='bbox 847 3301 916 3378; x_wconf 82' lang='lat' dir='ltr'><strong>Quo</strong></span> <span class='ocrx_word' id='word_1_221' title='bbox 939 3303 1024 3367; x_wconf 88' lang='lat' dir='ltr'><strong>facto</strong></span> <span class='ocrx_word' id='word_1_222' title='bbox 1053 3304 1132 3369; x_wconf 88' lang='lat' dir='ltr'><strong>duas</strong></span> <span class='ocrx_word' id='word_1_223' title='bbox 1155 3328 1207 3370; x_wconf 88' lang='lat' dir='ltr'><strong>res</strong></span> 
     </span>
     <span class='ocr_line' id='line_1_33' title="bbox 193 3398 1206 3486; baseline 0.003 -21"><span class='ocrx_word' id='word_1_224' title='bbox 193 3403 380 3465; x_wconf 89' lang='lat' dir='ltr'><strong>consecutus</strong></span> <span class='ocrx_word' id='word_1_225' title='bbox 404 3405 463 3486; x_wconf 88' lang='lat' dir='ltr'><strong>est,</strong></span> <span class='ocrx_word' id='word_1_226' title='bbox 487 3399 572 3484; x_wconf 90' lang='lat' dir='ltr'><strong>quod</strong></span> <span class='ocrx_word' id='word_1_227' title='bbox 594 3399 729 3484; x_wconf 82' lang='lat' dir='ltr'><strong>pignore</strong></span> <span class='ocrx_word' id='word_1_228' title='bbox 753 3398 876 3464; x_wconf 90' lang='lat' dir='ltr'><strong>animos</strong></span> <span class='ocrx_word' id='word_1_229' title='bbox 905 3400 1130 3468; x_wconf 88' lang='lat' dir='ltr'><strong>centurionum</strong></span> <span class='ocrx_word' id='word_1_230' title='bbox 1157 3403 1206 3467; x_wconf 88' lang='lat' dir='ltr'><strong>de·</strong></span> 
     </span>
     <span class='ocr_line' id='line_1_34' title="bbox 193 3494 1079 3580; baseline 0.001 -19"><span class='ocrx_word' id='word_1_231' title='bbox 193 3499 296 3561; x_wconf 84' lang='lat' dir='ltr'><strong>vinxit</strong></span> <span class='ocrx_word' id='word_1_232' title='bbox 319 3500 351 3559; x_wconf 91' lang='lat' dir='ltr'><strong>et</strong></span> <span class='ocrx_word' id='word_1_233' title='bbox 374 3497 547 3580; x_wconf 79' lang='lat' dir='ltr'><strong>largitione</strong></span> <span class='ocrx_word' id='word_1_234' title='bbox 568 3497 710 3561; x_wconf 89' lang='lat' dir='ltr'><strong>militum</strong></span> <span class='ocrx_word' id='word_1_235' title='bbox 732 3494 915 3560; x_wconf 83' lang='lat' dir='ltr'><strong>voluntates</strong></span> <span class='ocrx_word' id='word_1_236' title='bbox 938 3497 1079 3562; x_wconf 88' lang='lat' dir='ltr'><strong>redemit.</strong></span> 
     </span>
     <span class='ocr_line' id='line_1_35' title="bbox 157 3591 1206 3662; baseline 0.007 -8"><span class='ocrx_word' id='word_1_237' title='bbox 157 3605 172 3652; x_wconf 93' lang='lat'>1</span> <span class='ocrx_word' id='word_1_238' title='bbox 258 3591 388 3656; x_wconf 88' lang='lat' dir='ltr'>XXXX.</span> <span class='ocrx_word' id='word_1_239' title='bbox 425 3591 545 3655; x_wconf 84' lang='lat' dir='ltr'><strong>Fabius</strong></span> <span class='ocrx_word' id='word_1_240' title='bbox 561 3591 784 3655; x_wconf 61' lang='lat' dir='ltr'><strong>&#39;finitimarum</strong></span> <span class='ocrx_word' id='word_1_241' title='bbox 813 3593 980 3657; x_wconf 78' lang='lat' dir='ltr'><strong>civitatum</strong></span> <span class='ocrx_word' id='word_1_242' title='bbox 1008 3595 1132 3660; x_wconf 86' lang='lat' dir='ltr'><strong>animos</strong></span> <span class='ocrx_word' id='word_1_243' title='bbox 1155 3599 1206 3662; x_wconf 89' lang='lat' dir='ltr'><strong>lit·</strong></span> 
     </span>
    </p>
   </div>
   <div class='ocr_carea' id='block_1_7' title="bbox 0 0 1298 4075">
    <p class='ocr_par' dir='ltr' id='par_1_9' title="bbox 0 0 1298 4075">
     <span class='ocr_line' id='line_1_36' title="bbox 0 0 1298 4075; baseline 0 0"><span class='ocrx_word' id='word_1_244' title='bbox 0 0 1298 4075; x_wconf 95' lang='lat' dir='ltr'><strong> </strong></span> 
     </span>
    </p>
   </div>
  </div>
 </body>
</html>
