2584 4075
347 233 460 288 OOMM.
480 234 528 290 ΙΙΙ.
566 234 643 290 sAP.
664 236 862 291 XX—XXIIII.
1069 238 1110 301 91

92 376 225 442 Coelius
249 378 421 464 profectus,
443 382 482 442 ut
505 379 686 465 dictitabat,
709 381 748 444 ad
773 379 942 446 Caesarem
969 382 1114 464 pervenit

92 474 244 539 Thurios.
281 472 347 539 Ubi
365 496 438 539 cum
463 477 619 559 quosdam
641 477 711 541 eius
734 478 901 563 municipii
925 477 1114 542 sollicitaret

91 572 325 656 equitibusque
353 569 498 637 Caesaris
527 571 629 637 Gallis
659 578 756 659 atque
786 574 955 660 Hispanis,
987 575 1044 659 qui
1076 597 1113 638 eo

92 667 248 752 praesidii
270 689 366 732 causa
393 667 486 733 missi
513 674 613 755 erant,
646 671 813 754 pecuniam
836 672 1050 756 polliceretur,
1073 671 1113 735 ab

91 766 143 830 his
168 769 219 829 est
241 765 437 830 interfectus.
483 765 534 831 Ita
556 789 748 852 magnarum
770 768 865 833 initia
893 791 1009 853 rerum,
1032 787 1149 852 quaec
1204 771 1208 776 “

91 863 306 947 occupatione
328 863 579 949 magistratuum
606 865 827 949 legitimorum
856 866 1029 931 sollicitam
1051 864 1114 929 Ita·

91 961 171 1025 liam
193 959 369 1044 habebant,
391 961 525 1025 celerem
548 964 581 1025 et
603 962 730 1026 facilem
753 964 876 1027 exitum
899 962 1091 1028 habuerunt.

158 1054 282 1122 XXIH.
319 1054 402 1121 Libo
429 1058 592 1141 profectus
620 1058 661 1123 ab
690 1057 784 1123 Orico
813 1081 886 1125 cum
918 1061 1032 1145 classe,
1063 1059 1147 1124 cuir

91 1158 252 1240 praeerat,
273 1155 406 1218 navium
423 1154 446 1219 1)
460 1154 669 1220 Brundisium
691 1157 780 1221 venit
802 1157 1014 1242 insulamque,
1032 1177 1114 1241 quae

90 1257 207 1317 contra
230 1254 362 1334 portum
379 1250 614 1315 Brundisinum
635 1255 695 1336 est,
717 1253 895 1338 occupavit,
917 1254 1004 1337 quod
1025 1275 1114 1338 prae·

91 1355 181 1415 stare
201 1347 421 1412 arbitrabatur
443 1368 544 1411 unum
560 1347 677 1433 locum,
698 1370 761 1432 qua
777 1350 976 1414 necessarius
990 1350 1113 1415 nostris

7 1492 8 1495 1
90 1451 163 1512 erat
190 1465 353 1530 egressus,
382 1466 478 1528 quam
506 1445 613 1509 omnia
639 1446 738 1510 litora
767 1467 803 1511 ac
826 1450 939 1530 portus
967 1446 1113 1510 custodia

90 1546 221 1610 clausos
245 1542 337 1606 tueri.
383 1541 446 1606 Hic
468 1542 637 1625 repentino
661 1543 801 1607 adventu
821 1565 919 1608 nares
950 1545 1147 1608 onerariasa

92 1641 250 1725 quasdam
276 1642 390 1703 nactus
418 1638 559 1702 incendit
587 1643 619 1702 et
648 1662 746 1703 unam
773 1641 935 1704 frumento
963 1646 1113 1705 onustam

94 1736 232 1804 abduxit
254 1756 471 1820 magnumque
493 1736 614 1799 nostris
637 1740 794 1800 terrorem
816 1736 935 1821 iniecit,
960 1741 992 1799 et
1014 1742 1113 1801 noctu

93 1833 256 1900 militibus
284 1854 321 1897 ac
347 1833 526 1918 sagittariis
553 1833 589 1896 in
614 1837 702 1896 terra
729 1833 884 1916 expositis
917 1834 1112 1918 praesidium

93 1931 242 2017 equitum
265 1929 378 1993 deiecit
401 1934 434 1995 et
457 1930 534 1994 adeo
557 1930 620 1994 loci
644 1930 864 2013 oportunitate
894 1930 1040 2017 profecit,
1062 1932 1112 1995 uti

94 2033 135 2098 ad
147 2027 338 2113 Pompeium
356 2027 482 2092 litteras
501 2028 655 2112 mitteret,
671 2050 770 2092 nares
788 2028 938 2113 reliquas,
959 2028 988 2093 si
1005 2028 1112 2115 vellet,

95 2126 232 2193 subduci
254 2128 286 2189 et
309 2125 397 2189 refici
418 2124 557 2210 iuberet3
585 2147 643 2189 sua
666 2126 767 2189 classe
794 2125 913 2189 auxilia
944 2148 1013 2191 sese
1036 2125 1112 2191 Cae·

95 2225 178 2291 saris
200 2221 449 2308 prohibiturum
1029 2235 1035 2241 “
1063 2217 1168 2264 s

161 2318 298 2386 ΧΧΠΠ.
334 2318 417 2382 Erat
444 2340 481 2383 eo
508 2323 653 2402 tempore
682 2317 845 2382 Antonius
873 2318 1051 2404 Brundisii3
1084 2321 1145 2386 isr

95 2421 218 2485 virtute
249 2416 392 2479 militum
422 2417 561 2480 confisus
595 2416 729 2499 scaphas
761 2416 893 2480 navium
922 2437 1113 2501 magnarum

95 2515 293 2579 circiteer
316 2510 459 2575 cratibus
482 2512 666 2596 pluteisque
692 2513 836 2577 contexit
863 2535 964 2597 eoque
992 2514 1112 2577 milites

95 2612 236 2676 delectos
264 2608 420 2692 imposuit
454 2612 551 2691 atque
579 2630 631 2672 eas
659 2610 695 2672 in
726 2609 822 2673 litore
853 2610 1001 2693 pluribus
1032 2610 1112 2674 locis

96 2708 272 2794 separatim
290 2705 451 2789 disposuit
467 2726 628 2791 navesque
647 2707 794 2771 triremes
813 2707 902 2791 duas,
918 2729 998 2792 quas
1011 2707 1114 2772 Brun-

94 2807 171 2872 disii
203 2804 363 2869 faciendas
395 2808 576 2889 curaverat,
612 2826 670 2888 per
702 2827 832 2869 causam
867 2808 1113 2871 exercendorum

94 2901 255 2986 remigum
282 2900 322 2963 ad
355 2900 462 2964 fauces
489 2905 604 2983 portus
631 2902 759 2984 prodire
790 2902 895 2966 iussit.
940 2899 1009 2966 Has
1040 2923 1147 2973 cuma

8 3071 9 3096 ,
94 2999 246 3065 audacius
278 3017 465 3081 progressas
498 2995 580 3061 Libo
612 2998 764 3083 vidisset,
801 3020 933 3083 sperans
965 2999 1114 3084 intercipi

94 3118 191 3183 posse
214 3095 430 3179 quadriremes
454 3112 477 3157 v
501 3094 540 3157 ad
563 3116 616 3159 eas
639 3095 737 3159 misit.
775 3094 863 3171 Quae
886 3116 956 3159 cum
976 3095 1113 3160 navibus

93 3194 217 3260 nostris
250 3192 572 3276 adpropinquassent,
603 3192 718 3276 nostri,
746 3194 783 3254 ut
811 3195 880 3255 erat
912 3191 1114 3277 imperatum,

87 3289 312 3375 refugiebant,
339 3288 388 3351 illi
417 3288 524 3352 studio
547 3288 676 3352 incitati
697 3287 857 3352 incautius
889 3286 1113 3371 sequebantur.

94 3387 164 3454 Iam
186 3410 226 3452 ex
254 3386 403 3451 omnibus
430 3385 577 3468 partibus
606 3385 716 3449 subito
744 3383 949 3447 Antonianae
977 3384 1148 3468 scaphaea

97 3487 189 3570 signo
213 3485 288 3548 dato
313 3505 346 3547 se
368 3483 404 3546 in
425 3481 536 3546 hostes
559 3482 774 3546 incitaverunt
796 3481 964 3564 primoque
986 3481 1111 3566 impetu

96 3604 192 3646 unam
215 3603 253 3644 ex
276 3579 328 3643 his
351 3579 605 3664 quadriremibus
634 3600 707 3642 cum
733 3577 909 3661 remigibus
940 3578 1112 3644 defensori·
