2584 4075
375 254 487 310 COMM.
507 257 527 311 1.
565 258 641 314 CAP.
661 260 819 314 XVI—XX.
1062 260 1103 323 13

82 419 158 461 cum
177 400 325 463 exercitu
344 421 401 464 suo
416 401 582 465 coniunxit
595 401 786 488 Attiumque
805 405 997 469 incolumem
1015 405 1104 468 dimi·
1156 491 1158 494 Ι

83 494 136 558 sit.
172 493 295 560 Caesar
304 497 417 580 primis
431 499 542 563 diebus
557 505 662 564 castra
674 501 800 586 magnis
816 502 966 585 operibus
980 503 1104 565 munire

81 594 116 654 et
139 614 181 655 ex
206 593 358 658 finitimis
386 595 569 679 municipiis
592 598 789 661 frumentum
811 601 1011 681 comportare
1033 598 1104 661 reli-

82 712 233 773 quasque
247 691 357 774 copias
372 698 555 776 exspectare
568 693 721 759 instituit,
754 695 804 759 Eo
819 695 926 759 triduo
940 695 1025 779 legio
1041 713 1104 758 V111
1123 707 1138 753 5

81 786 225 851 adeum
248 788 338 853 venit
365 789 576 875 cohortesque
604 813 642 855 ex
671 792 764 856 novis
788 791 911 856 Galliae
934 791 1103 855 dilectibus

81 901 159 946 XXII
184 885 376 968 equitesque
400 887 440 950 ab
462 901 538 972 rege
560 886 681 953 Norico
705 890 830 954 circiter
854 906 925 954 ccc.
961 888 1105 965 Quorum

80 981 229 1045 adventu
252 983 353 1046 altera
376 988 481 1048 castra
504 986 543 1048 ad
566 986 700 1050 alteram
724 987 833 1070 oppidi
850 991 976 1071 partem
997 987 1103 1072 ponit,

79 1077 133 1140 his
158 1079 279 1142 castris
309 1077 480 1145 Curionem
506 1083 659 1165 praeficit.
705 1081 851 1167 Reliquis
880 1084 992 1148 diebus
1016 1085 1138 1168 Oppi-6

81 1175 161 1239 dum
194 1176 283 1239 vallo
312 1179 515 1263 castellisque
542 1180 787 1245 circummunire
813 1181 965 1245 instituit
1003 1179 1103 1246 Cuius

82 1273 194 1354 operis
217 1273 358 1337 maxima
380 1278 472 1358 parte
494 1275 605 1340 effecta
627 1278 739 1341 eodem
760 1279 827 1342 fere
847 1282 991 1362 tempore
1012 1279 1104 1343 missi

81 1370 122 1432 ad
143 1370 341 1453 Pompeium
363 1377 576 1437 revertuntur.

149 1466 293 1558 XVHH.
329 1467 462 1533 Litteris
485 1471 634 1553 perlectis
654 1471 819 1537 Domitius
842 1474 1046 1537 dissimulans
1069 1475 1104 1538 in
1123 1483 1132 1527 1

82 1566 225 1629 consilio
253 1566 443 1648 pronuntiat
470 1566 659 1651 Pompeium
689 1570 834 1633 celeriter
861 1570 1003 1634 subsidio
1031 1593 1103 1635 ven-

83 1665 200 1726 turum
229 1662 445 1747 hortaturque
472 1685 541 1750 eos,
567 1687 608 1730 ne
637 1666 744 1730 animo
772 1666 933 1752 deficiant,
960 1689 1103 1751 quaeque

85 1762 161 1823 usui
182 1760 222 1823 ad
240 1758 471 1824 defendendum
486 1762 639 1845 oppidum
654 1763 728 1848 sint,
742 1767 863 1846 parent.
899 1761 974 1845 lpse
987 1786 1102 1828 arcano
1121 1772 1136 1817 2

85 1877 160 1920 cum
184 1856 297 1939 paucis
320 1855 533 1928 familiaribus
557 1860 624 1923 suis
643 1860 848 1943 conloquitur
872 1860 1104 1943 consiliumque

85 1955 184 2041 fugae
208 1976 322 2037 capere
340 1952 517 2019 coustituit.
555 1953 637 2020 Cum
659 1957 768 2021 vultus
787 1956 924 2022 Domitii
944 1978 1018 2021 cum
1036 1980 1103 2022 ora·
1122 1969 1137 2012 3

85 2052 177 2117 tione
204 2074 273 2116 nou
301 2053 495 2116 consentiret
524 2057 620 2137 atque
649 2056 755 2120 omnia
784 2055 997 2138 trepidantius
1020 2057 1104 2120 timi-

86 2150 225 2234 diusque
254 2152 372 2235 ageret,
399 2171 496 2234 quam
524 2152 743 2234 superioribus
771 2153 883 2217 diebus
910 2158 1104 2240 consuesset,

86 2248 293 2330 multumque
316 2267 388 2310 cum
411 2247 690 2311 suis‘cousiliandi
712 2271 807 2313 causa
833 2253 954 2314 secreto
977 2256 1103 2334 praeter

86 2342 356 2410 consuetudinem
397 2334 655 2430 conloqueretur,
695 2346 829 2410 concilia
865 2353 1104 2432 conventusque

87 2441 259 2507 hominum
282 2441 418 2526 fugeret,
443 2462 495 2504 res
518 2440 639 2504 diutius
667 2444 734 2528 tegi
756 2444 1014 2528 dissimularique
1035 2468 1102 2511 nou

88 2541 206 2622 potuit.
252 2537 424 2620 Pompeius
448 2538 533 2602 enim
555 2539 762 2622 rescripserat
785 2562 853 2605 sese
870 2563 939 2605 rem
960 2542 996 2605 in
1018 2556 1137 2606 sum-4

87 2659 178 2700 mum
200 2635 381 2719 periculum
403 2636 611 2699 deducturum
631 2657 700 2700 nou
721 2658 799 2723 esse,
820 2660 923 2721 neque
948 2660 1006 2702 suo
1030 2660 1102 2701 cou-

89 2733 162 2797 silio
187 2735 246 2796 aut
268 2732 435 2796 voluntate
452 2731 633 2797 Domitium
652 2733 738 2796 sein
758 2735 911 2817 oppidum
925 2732 1102 2798 Corfinium

88 2829 280 2894 contulisse:
302 2829 445 2916 proinde,
468 2830 496 2894 si
519 2852 583 2914 qua
605 2830 719 2894 fuisset
741 2830 888 2918 facultas,
911 2832 1007 2895 adse
1030 2853 1102 2895 eum

89 2927 241 2991 omnibus
265 2926 366 3009 copiis
388 2927 519 2991 veniret.
563 2926 602 2991 Id
627 2948 668 2991 ne
695 2928 764 2991 fieri
794 2933 913 3015 posset,
936 2929 1101 2993 obsidione
1121 2943 1135 2989 5

88 3028 186 3108 atque
210 3022 508 3089 circummunitione
531 3023 641 3108 oppidi
663 3025 770 3088 fiebat.

179 3118 250 3185 XX.
273 3118 450 3205 Divulgato
471 3120 608 3186 Domitii
632 3121 766 3185 consilio
789 3123 918 3208 milites,
937 3124 992 3206 qui
1011 3128 1101 3187 eraut
1121 3136 1134 3183 1

89 3215 236 3302 Corfinii,
258 3215 362 3298 primo
390 3238 521 3300 vespere
549 3219 758 3282 secessionem
786 3220 912 3292 faciunt
936 3225 1032 3302 atque
1054 3221 1101 3284 ita

88 3315 174 3378 inter
208 3335 242 3377 se
274 3334 331 3395 per
363 3314 511 3380 tribunos
542 3317 684 3381 militum
710 3316 973 3399 centurionesque
1005 3319 1101 3399 atque

89 3410 336 3475 honestissimos
360 3411 411 3474 sui
433 3413 558 3495 generis
581 3414 832 3496 conloquuntur:
863 3412 1002 3476 obsideri
1026 3436 1059 3477 se
1083 3438 1101 3478 a
1120 3426 1135 3472 a

90 3505 239 3590 Caesar03
274 3527 370 3588 opera
403 3509 661 3593 munitionesque
692 3531 791 3593 prope
827 3531 896 3573 esse
931 3509 1100 3596 perfectas5

90 3604 201 3668 ducem
230 3625 325 3667 suum
351 3602 545 3691 Domitium,
572 3607 662 3671 cuius
690 3628 747 3689 spe
774 3610 870 3691 atque
896 3604 1011 3669 fiducia
1034 3630 1101 3690 per-
