2584 4075
336 253 449 308 COMM.
468 255 489 309 I.
527 253 603 310 CAP.
623 254 866 309 LXX-LXXIIII.
1063 257 1103 318 41

88 403 176 463 esset
196 399 402 482 imperatoris
421 399 555 463 consilio
575 421 725 483 superare
740 420 836 482 quam
850 400 965 483 gladio.
1002 400 1108 464 Move·
1126 419 1142 466 3

91 498 189 561 batur
223 486 323 559 etiam
352 496 570 561 misericordia
602 497 732 580 civium,
760 518 841 579 quos
871 497 1107 561 interficiendos

88 595 237 678 videbat3
262 593 378 677 quibus
402 593 499 657 salvis
524 597 620 678 atque
638 593 853 657 incolumibus
863 615 939 676 ,rem
963 593 1107 657 obtinere

88 692 243 756 malebat.
289 689 360 754 Hoc
387 690 556 754 consilium
585 688 730 755 Caesaris
758 690 919 774 plerisque
948 712 1015 754 non
1036 711 1142 774 pro-4

88 790 247 872 babetur3
269 788 389 852 milites
412 809 488 852 vero
508 788 615 871 palam
632 787 717 850 inter
736 809 770 851 sc
783 787 1008 872 loquebantur,
1032 810 1108 870 quo-

88 888 179 950 niam
212 885 289 948 talis
322 885 445 949 occasio
478 884 631 948 victoriae
660 885 885 969 dimitteretur,
912 885 1009 948 etiam
1035 907 1107 949 cum

89 984 189 1047 vellet
214 980 340 1067 Caesar,
363 1003 432 1046 sese
458 1003 525 1046 non
552 1003 621 1045 esse
649 984 858 1066 pugnaturos.
903 980 963 1045 Ille
991 982 1028 1047 in
1049 1005 1107 1046 sua

90 1080 255 1147 sententia
277 1083 459 1163 perseverat
481 1083 514 1143 et
536 1079 670 1163 paulum
692 1100 730 1142 ex
754 1100 791 1142 eo
814 1079 884 1143 loco
915 1080 1108 1165 degreditur,

90 1181 128 1240 ut
151 1177 305 1240 timorem
328 1175 517 1240 adversariis
543 1175 676 1240 minuat.
722 1175 867 1240 Petreius
898 1180 994 1260 atque
1015 1178 1142 1240 Arra-⁵

89 1276 165 1338 nius
190 1273 301 1337 oblata
326 1272 480 1337 facultate
506 1273 543 1337 in
569 1277 674 1337 castra
697 1296 766 1337 sese
792 1274 944 1338 referrmt.
991 1273 1107 1338 Caesar

90 1370 261 1455 praesidiis
294 1371 329 1433 in
358 1370 524 1434 montibus
557 1369 723 1453 dispositis
756 1372 843 1435 omni
875 1371 915 1434 ad
949 1370 1107 1436 Hiberum

91 1468 268 1533 intercluso
287 1467 411 1552 itinere,
429 1488 526 1551 quam
542 1467 687 1550 proxime
700 1471 809 1551 potest
821 1466 966 1532 hostium
984 1469 1107 1552 castris

92 1570 198 1631 castra
222 1565 405 1629 communit.
460 1611 469 1618 ,

16 1739 20 1746 ι
159 1661 307 1727 LXXIII.
343 1660 478 1726 Postero
502 1662 552 1725 dic
579 1662 674 1726 duces
702 1661 957 1726 adversariorum
982 1667 1137 1746 pertur·1

92 1761 171 1845 bati,
195 1759 282 1843 quod
304 1780 430 1823 omnem
452 1758 501 1820 rei
521 1757 750 1822 frumentariae
768 1757 972 1840 fluminisque
991 1758 1107 1822 Hiberi

93 1879 184 1941 spem
206 1856 403 1939 dimiseram,
425 1855 464 1918 de
485 1848 619 1938 reliquis
642 1855 739 1919 rebus
758 1854 993 1919 consultabant.
1024 1855 1105 1918 Erat
1124 1871 1140 1917 e

92 1977 194 2018 unum
211 1952 434 2037 iter‚'Ilerdam
452 1952 480 2016 si
498 1953 616 2016 reverti
634 1952 763 2036 vellent,
786 1952 931 2035 alterum,
953 1951 982 2015 si
995 1950 1106 2015 Tarra-

93 2074 205 2117 conem
237 2056 345 2136 petere
368 2055 390 2115 t.
445 2049 532 2114 Haec
561 2050 806 2114 consiliantibus
839 2049 884 2113 eis
915 2050 1106 2115 nuntiantur

94 2153 265 2234 aquatores
290 2149 329 2212 ab
358 2148 505 2231 equitatu
530 2148 634 2230 premi
656 2152 778 2211 nostro.
824 2145 893 2223 Qua
920 2169 955 2212 re
977 2149 1141 2233 cognitae

93 2249 222 2313 crebras
246 2246 402 2310 stationes
426 2246 601 2328 disponunt
625 2245 771 2328 equitum
793 2247 826 2308 et
844 2244 1024 2310 cohortium
1045 2248 1106 2310 ala-

92 2347 216 2409 riarum
247 2343 504 2427 legionariasque
531 2341 719 2405 intericiunt
746 2342 894 2406 cohortes
924 2344 1107 2428 vallumque

93 2465 132 2506 ex
155 2439 271 2506 castris
296 2439 335 2502 ad
358 2461 474 2522 aquam
501 2439 613 2502 ducere
641 2440 809 2524 incipiunt,
831 2444 868 2503 ut
898 2440 983 2504 intra
1005 2443 1106 2504 muni-

93 2540 216 2603 tionem
243 2539 276 2599 et
303 2535 371 2599 sine
398 2536 514 2599 timore
539 2539 571 2605 et
599 2536 668 2599 sine
692 2537 885 2600 stationibus
906 2538 1018 2619 aquari
1034 2560 1106 2620 pos-

94 2638 174 2699 sent.
219 2631 259 2695 Id
286 2653 366 2715 opus
394 2633 479 2696 inter
506 2654 540 2696 se
562 2630 708 2705 Petreius
737 2637 834 2716 atque
860 2633 1014 2697 Afranius
1036 2646 1141 2715 par-4

93 2733 221 2798 tiuntur
238 2731 366 2814 ipsique
383 2731 567 2813 perficiendi
586 2731 691 2814 operis
710 2752 806 2794 causa
826 2729 955 2813 longius
978 2751 1106 2814 progre-

94 2830 234 2893 diuntur.
358 2852 364 2861 “

159 2924 323 2990 LXXlHI.
361 2922 504 3000 Quorum
535 2892 677 2989 discesti
707 2925 843 2989 liberam
868 2925 955 2988 nacti
986 2924 1139 2989 mil‘tesl
1259 2910 1262 2919 ’

94 3024 339 3107 conloquiorum
373 3022 559 3086 facultatem
595 3023 693 3106 vulgo
722 3020 912 3105 procedunt,
948 3025 979 3085 et
1011 3043 1107 3105 quem

94 3121 231 3205 quisque
253 3119 289 3182 in
311 3119 425 3182 castris
448 3123 563 3183 notum
582 3123 636 3182 aut
655 3116 848 3199 municipem
866 3116 1016 3201 habebat,
1034 3140 1106 3182 con·
1128 3106 1131 3111 ’

94 3218 195 3300 quirit
218 3220 315 3300 atque
338 3217 457 3278 evocat.
489 3214 633 3279 Primum
651 3196 752 3299 ag'unt
771 3213 891 3296 gratias
914 3235 1022 3277 omnes
1041 3237 1140 3285 oms

92 3314 200 3399 nibus,
219 3313 306 3398 quod
329 3312 393 3376 sibi
410 3312 590 3396 perterritis
618 3313 721 3397 pridie
744 3309 973 3394 pepercissent3
996 3331 1106 3375 eorum

95 3433 128 3475 se
147 3410 301 3475 beneficio
320 3408 434 3474 vivere.
470 3408 556 3473 Dein
572 3410 610 3472 de
628 3406 832 3493 imperatoris
855 3406 917 3470 fide
941 3414 1107 3494 quaerunt,

41 3523 44 3529 '
94 3512 220 3572 rectene
243 3529 278 3571 se
300 3507 350 3570 illi
373 3508 439 3571 sint
461 3507 672 3590 commissuri,
691 3508 732 3587 et,
751 3504 837 3587 quod
859 3525 926 3567 non
948 3504 988 3567 ab
1010 3504 1105 3571 initio

94 3604 228 3668 fecerint
255 3625 405 3686 armaque
433 3604 519 3686 quod
546 3625 617 3667 cum
643 3601 829 3666 hominibus
856 3601 1043 3664 necessariis
1074 3607 1105 3666 et
1131 3594 1145 3615 ⁶
