2584 4075
189 231 234 295 64
542 231 590 284 nu
609 229 727 284 sunno
748 229 855 284 civim
933 212 935 215 ’

187 373 284 440 huius
311 375 390 440 belli
417 397 513 440 causa
541 379 721 459 curaverat,
748 374 871 438 veritus
900 375 1031 438 navium
1063 373 1209 436 multitu-

188 472 294 538 dinem
312 495 351 536 ex
370 473 436 537 alto
455 472 628 557 refugerat,
650 472 846 555 adpulsaque
865 471 905 535 ad
922 470 1109 555 proximum
1130 469 1209 533 litus

187 570 316 635 trireme
339 573 502 634 constrata
530 574 563 633 et
590 569 626 634 iu
655 570 751 633 litore
779 569 891 634 relicta
918 568 1053 653 pedibus
1084 565 1210 631 Hadru-

152 672 309 734 4metum
331 667 525 752 profugerat.
570 666 609 731 Id
632 666 787 750 oppidum
817 663 851 730 Ο.
875 663 1047 730 Considius
1075 663 1209 750 Longus
1283 682 1284 709 ¹

188 764 283 829 unius
309 765 446 850 legionis
473 765 632 849 praesidio
661 764 822 828 tuebatur.
878 761 1033 845 Reliquae
1062 759 1209 826 Caesaris

187 884 283 926 naves
314 863 434 944 reporto
467 862 535 925 eius
571 862 649 947 fuga
682 882 716 925 se
747 860 982 925 Hadrumetum
1012 864 1209 944 receperunt.

153 956 283 1023 5Hunc
314 962 442 1022 secutus
475 957 615 1022 Marcius
647 957 755 1023 Rufus
794 962 945 1043 quaestor
975 957 1115 1023 navibus
1152 975 1210 1041 ΧΠ,

189 1077 267 1138 quas
285 1055 445 1139 praesidio
464 1055 621 1120 onerariis
638 1054 778 1120 navibus
794 1054 892 1120 Curio
913 1078 951 1119 ex
967 1054 1078 1119 Sicilia
1098 1055 1208 1119 eduxe-

187 1156 249 1238 rat,
270 1158 442 1238 postquam
459 1153 495 1216 in
512 1153 608 1218 litore
629 1153 777 1217 relictam
795 1175 909 1218 navem
932 1152 1111 1238 conspexit,
1129 1150 1208 1216 hanc

188 1251 328 1315 remulco
355 1250 527 1334 abstraxit3
558 1250 629 1334 ipse
663 1250 702 1314 ad
736 1247 769 1315 O.
800 1248 973 1315 Curionem
1000 1271 1075 1313 cum
1110 1249 1207 1314 classe

188 1349 278 1411 redit.

155 1464 168 1509 1
254 1443 388 1509 XXIIII.
426 1443 524 1510 Curio
539 1444 697 1509 Marcium
709 1442 841 1509 Uticam
857 1444 995 1508 navibus
1014 1444 1207 1527 praemittit3

188 1543 256 1626 ipse
287 1542 397 1606 eodem
429 1564 502 1607 cum
534 1542 678 1606 exercitu
707 1541 923 1625 proficiscitur
951 1540 1117 1625 triduique
1149 1542 1207 1604 iter

153 1657 169 1704 a
188 1661 377 1724 progressus
401 1640 440 1703 ad
463 1638 582 1703 flumen
605 1638 790 1724 Bagradam
816 1638 970 1722 pervenit.
1017 1637 1070 1702 Ibi
1094 1636 1130 1703 Ο.
1155 1636 1208 1703 Ga·

187 1739 313 1804 ninium
344 1737 494 1802 Rebilum
527 1738 672 1821 legatum
708 1758 784 1800 cum
821 1736 1004 1820 legionibus
1040 1736 1208 1821 relinquit3

188 1837 258 1920 ipse
280 1859 352 1901 cum
375 1836 521 1921 equitatu
545 1833 707 1898 antecedit
727 1833 766 1897 ad
785 1830 901 1897 Castra
919 1832 1116 1916 exploranda
1136 1832 1208 1899 Cor-

154 1950 170 1996 3
189 1933 283 2017 nelia,
305 1934 390 2016 quod
412 1933 440 1995 is
463 1932 553 1997 locus
576 1930 769 2013 peridoneus
792 1930 908 1994 castris
936 1929 1128 1995 habebatur.
1174 1930 1208 1995 Id

189 2033 296 2094 autem
318 2034 368 2093 est
389 2030 502 2114 iugur'n
531 2029 694 2093 derectum
723 2028 864 2093 eminens
889 2028 924 2092 in
946 2050 1043 2113 mare,
1072 2031 1208 2114 utraque

189 2149 227 2189 ex
250 2130 341 2210 parte
363 2131 572 2210 praeruptum
593 2129 690 2209 atque
714 2147 872 2210 asperum,
895 2125 950 2189 sed
980 2128 1091 2188 tamen
1114 2126 1208 2210 paulo

188 2222 308 2286 leniore
334 2223 466 2307 fastigio
495 2223 536 2287 ab
564 2246 601 2288 ea
628 2227 730 2308 parte,
758 2244 839 2306 quae
868 2223 908 2286 ad
936 2221 1064 2287 Uticam
1098 2226 1207 2310 vergit.

154 2319 291 2385 sAbest
317 2319 442 2384 derecto
471 2320 585 2385 itinere
613 2321 653 2384 ab
679 2318 776 2385 Utica
799 2321 896 2403 paulo
926 2320 1065 2403 amplius
1094 2344 1208 2404 passus

189 2416 284 2480 mille.
321 2413 383 2480 Sed
404 2416 465 2481 hoc
487 2417 523 2481 ia
544 2417 659 2481 itinere
683 2421 732 2481 est
755 2418 839 2503 fons,
864 2438 930 2502 quo
954 2440 1042 2481 mare
1069 2420 1209 2483 succedit

188 2513 326 2600 longius,
347 2514 475 2598 lateque
497 2515 525 2578 is
548 2516 637 2579 locus
658 2518 843 2600 restagnat3
866 2536 961 2599 quem
984 2515 1012 2578 si
1031 2515 1089 2598 qui
1108 2517 1209 2581 vitare

190 2612 335 2697 voluerit,
357 2630 394 2676 vr
416 2612 543 2676 milium
565 2613 701 2677 circuitu
723 2613 759 2676 in
782 2612 937 2696 oppidum
959 2613 1115 2695 pervenit.

155 2731 168 2776 1
253 2709 354 2775 XXV.
390 2709 461 2774 Hoc
484 2711 650 2794 explorato
675 2710 747 2774 loco
772 2707 869 2774 Curio
902 2714 1008 2774 castra
1030 2708 1112 2774 Vari
1137 2733 1208 2776 con-

188 2807 283 2892 spicit
314 2828 407 2870 murc
446 2806 627 2890 oppidoque
665 2808 834 2872 coniuncta
873 2808 914 2871 ad
949 2808 1091 2893 portam,
1125 2830 1208 2892 quae

189 2904 368 2988 appellatur
396 2904 520 2988 bellica,
548 2904 719 2969 admodum
748 2905 874 2968 munita
901 2909 1019 2969 natura
1047 2904 1125 2990 loci,
1148 2928 1209 2970 una

187 3025 226 3066 ex
248 3005 339 3085 parte
361 3001 433 3083 ipso
458 3000 576 3084 oppido
599 3001 704 3088 Utica7
729 3003 831 3067 altera
850 3025 869 3066 a
887 3002 1027 3088 theatro,
1051 3003 1138 3086 quod
1161 3005 1208 3067 est

189 3103 262 3163 ante
291 3097 458 3183 oppidum,
486 3097 782 3165 substructionibus
812 3100 880 3164 eius
914 3099 1019 3182 operis
1051 3100 1208 3184 maximis

153 3216 168 3262 2
188 3197 277 3259 aditu
296 3196 336 3258 ad
355 3199 464 3258 castra
483 3194 607 3260 difficili
626 3204 659 3262 et
678 3202 824 3282 angusto
863 3196 965 3261 Simul
984 3196 1207 3262 animadvertit

186 3291 288 3355 multa
310 3291 450 3374 undique
473 3293 597 3374 portari
620 3298 720 3376 atque
740 3294 795 3378 agi
813 3292 1010 3377 plenissimis
1033 3292 1106 3378 viis,
1131 3314 1207 3377 quae

187 3387 346 3469 repentini
368 3389 532 3450 tumultus
556 3388 672 3453 timore
696 3411 735 3452 er
759 3391 845 3474 agris
874 3390 909 3453 in
930 3387 1043 3453 urbem
1072 3391 1202 3455 confere

154 3483 315 3546 abantur.
370 3482 443 3546 Huc
477 3485 658 3566 equitatum
694 3488 816 3571 mistis,
849 3491 887 3550 ut
923 3487 1076 3569 diriperet
1114 3491 1205 3571 atquc

187 3573 322 3636 haberet
354 3576 426 3640 loco
461 3578 609 3662 praedae3
642 3582 816 3663 eodemque
853 3587 996 3664 tempore
1027 3582 1080 3647 his
1114 3585 1205 3648 rebus
