2584 4075
204 254 248 315 44
322 333 325 336 Ι
550 251 599 305 aa
619 251 736 306 1111110
756 251 864 306 emur

206 396 303 461 batur
324 396 463 461 Ilerdam
485 396 613 479 reverti,
636 395 792 479 quodibi
816 396 948 479 paulum
976 394 1135 458 frumenti
1156 393 1226 457 reli-

210 498 352 578 querant.
397 493 450 558 Ibi
472 515 506 557 se
528 493 690 575 reliquum
714 492 884 556 consilium
914 492 1133 576 explicaturos
1156 513 1226 555 con·

173 590 358 655 elidebant.
404 589 541 653 Tarraco
571 589 681 653 aberat
710 589 853 673 longius3
885 611 949 673 quo
978 588 1085 671 spatio
1118 589 1225 672 plures

208 709 277 750 rem
298 708 394 771 posse
416 708 508 751 casus
536 686 676 769 recipere
703 686 942 771 intellegebant.
987 684 1060 750 Hoc
1088 686 1226 769 probato

174 802 191 848 4
210 783 344 847 consilio
360 805 398 846 ex
412 783 526 847 castris
545 782 801 866 proficiscuntur.
821 780 957 847 ¹Caesar
975 783 1126 867 equitatu
1140 779 1226 866 prael

208 884 318 966 misse,
336 881 392 964 qui
409 880 621 944 novissimum
640 901 756 964 agmen
773 883 917 963 carperet
936 883 1034 963 atque
1047 879 1227 964 impediret,

209 981 279 1062 ipse
301 1000 373 1042 cum
395 977 579 1062 legionibus
599 976 815 1060 subsequitur.
852 975 988 1041 Nullum
1008 976 1224 1041 intercedebat

209 1081 346 1159 tempus,
369 1074 448 1157 quin
470 1073 604 1138 extremi
627 1095 700 1137 cum
723 1074 886 1157 equitibus
910 1074 1157 1158 proeliarentur.

176 1189 190 1236 1
276 1169 469 1236 LXXVHH.
512 1168 621 1234 Genus
658 1174 726 1234 erat
757 1171 819 1236 hoo
856 1192 991 1256 pugnae.
1047 1172 1225 1256 Expeditae

210 1271 357 1335 cohortes
376 1268 588 1333 novissimum
610 1256 938 1352 agmen'claudebant
955 1270 979 1353 t
996 1270 1174 1354 pluresque
1193 1270 1224 1333 in

176 1368 289 1430 alocis
313 1364 545 1448 campestribus
570 1363 799 1428 subsistebant.
847 1362 883 1429 Si
905 1387 998 1429 mons
1027 1369 1099 1429 erat
1123 1388 1226 1430 ascen·

211 1462 345 1547 dendus,
375 1461 468 1527 facile
495 1461 566 1544 ipsa
593 1460 657 1525 loci
683 1465 801 1526 natura
832 1463 1009 1546 periculum
1041 1464 1227 1549 repellebat,

212 1559 297 1643 quod
329 1581 368 1622 ex
398 1559 478 1623 locis
510 1559 745 1642 superioribus,
778 1560 833 1643 qui
866 1563 1119 1646 antecesserant,
1152 1584 1226 1626 suos

176 1674 192 1719 3
212 1657 415 1721 ascendentes
438 1656 666 1741 protegebant,
689 1678 762 1719 cum
784 1657 878 1721 vallis
902 1660 959 1721 aut
980 1657 1072 1722 locus
1096 1658 1226 1724 declivis

213 1755 343 1819 suberat
364 1776 468 1839 neque
490 1754 524 1840 ii,
547 1754 603 1836 qui
631 1757 877 1838 antecesserant,
905 1753 1110 1818 morantibus
1135 1777 1227 1840 opem

211 1853 294 1917 ferre
312 1856 470 1937 poterant,
489 1851 612 1935 equites
631 1872 707 1914 vero
726 1871 765 1913 ex
782 1851 853 1916 loco
868 1852 1032 1934 superiore
1046 1852 1082 1915 in
1097 1875 1227 1919 aversos

178 1967 194 2012 4
212 1951 277 2013 tela
295 1949 481 2033 coiciebant,
499 1953 570 2012 tum
587 1967 705 2031 magno
725 1949 793 2009 erat
810 1948 1005 2032 inpericulo
1024 1966 1085 2014 res.
1120 1950 1227 2042 Relip-

213 2047 380 2132 quebatur,
396 2052 434 2111 ut
457 2069 529 2110 cum
548 2046 703 2109 eiusmodi
720 2044 800 2109 locis
820 2049 905 2109 esset
925 2042 1228 2133 adpropinquatrim,

212 2143 376 2227 legionum
398 2143 491 2227 signa
520 2142 695 2206 consistere
717 2142 865 2206 iuberent
892 2164 1074 2228 magnoque
1104 2146 1227 2230 impetu

213 2240 358 2322 equitum
379 2240 445 2303 vim
467 2239 668 2324 repellerent,
698 2261 734 2303 eo
763 2240 913 2305 submoto
941 2244 1072 2324 repente
1088 2242 1228 2307 incitati

213 2358 307 2400 cursu
340 2357 409 2399 sese
440 2337 476 2398 in
506 2336 605 2398 valles
638 2337 780 2400 universi
813 2337 1018 2401 demitterent
1050 2341 1151 2421 atque
1182 2341 1229 2404 ita

212 2432 406 2516 transgressi
438 2453 549 2495 rursus
582 2431 617 2494 in
642 2433 722 2496 locis
751 2432 971 2516 superioribus
1003 2434 1183 2499 consistere
1205 2440 1227 2500 t.

179 2544 194 2590 5
213 2528 298 2597 Nam
315 2532 443 2592 tantum
461 2528 500 2591 ab
520 2528 667 2612 equitum
685 2551 816 2594 suorum
840 2529 967 2592 auxiliis
988 2529 1133 2616 aberant,
1152 2555 1228 2616 quo-

212 2650 284 2691 rum
307 2647 475 2690 numerum
496 2625 659 2690 habebant
682 2648 843 2711 magnum,
867 2630 903 2690 ut
927 2649 981 2691 eos
1005 2628 1228 2710 superioribus

207 2724 402 2809 ‘perterritos
425 2723 555 2808 proeliis
579 2723 614 2786 in
630 2721 771 2787 medium
788 2724 966 2808 reciperent
990 2746 1106 2809 agmen
1129 2727 1228 2790 ultro·

214 2846 275 2908 que
303 2844 357 2887 eos
385 2824 567 2905 tuerentur3
596 2843 733 2904 quorum
758 2820 841 2883 nulli
868 2841 907 2883 ex
934 2820 1048 2883 itinere
1078 2822 1228 2885 excedere
1285 2878 1288 2887 .

212 2920 339 3005 licebat,
363 2918 442 3001 quin
464 2918 504 2982 ab
529 2919 676 3001 equitatu
699 2915 844 2981 Caesaris
868 2918 1074 3000 exciperetur.

180 3039 193 3085 1
279 3013 405 3080 LXXX.
442 3014 514 3078 Tali
537 3016 613 3078 dum
630 3017 795 3098 pugnatur
813 3014 917 3098 mode,
935 3015 1021 3078 lente
1035 3019 1135 3099 atque
1153 3038 1228 3100 pau-

213 3113 306 3177 latim
327 3112 510 3196 proceditur
533 3111 718 3194 crebroque,
739 3114 776 3173 ut
800 3112 865 3175 sint
885 3112 1005 3197 auxilio
1028 3113 1107 3196 suis,
1127 3113 1228 3176 subsi-

179 3213 318 3295 astant,
341 3213 378 3273 ut
401 3212 471 3272 tum
495 3208 616 3272 accidit.
653 3206 745 3270 Milia
768 3207 853 3270 enirn
881 3206 1045 3290 progressi
1072 3225 1110 3270 1v
1138 3208 1228 3273 vehe-

213 3309 416 3390 mentiusque
442 3305 615 3390 peragitati
644 3304 684 3367 ab
718 3303 865 3387 equitatu
896 3308 1038 3367 montem
1068 3307 1228 3393 excelsum

213 3405 344 3488 capiunt
358 3404 467 3487 ibique
485 3426 550 3466 una
564 3403 670 3466 fronte
684 3405 795 3465 contra
808 3399 935 3464 hostem
954 3405 1059 3464 castra
1076 3403 1228 3466 muniunt

178 3519 317 3581 sueque
338 3500 492 3563 iumentis
515 3521 611 3564 onera
633 3499 805 3580 deponunt.
855 3497 921 3561 Ubi
950 3495 1096 3562 Caesaris
1125 3505 1228 3564 castra

213 3592 320 3674 posita
351 3592 619 3676 tabernaculaque
652 3594 829 3656 constituta
861 3597 904 3672 et¹
921 3593 1071 3658 dimissos
1105 3598 1227 3679 equites
