2584 4075
272 240 385 298 COMM.
405 242 438 297 Il.
477 242 554 297 OAP.
574 242 906 296 XXXVHII-XXXXH.
1055 242 1098 306 75

74 385 248 449 dumtaxat
270 386 382 469 procul
405 386 445 450 ad
473 385 610 469 speciem
637 386 755 470 utitur,
782 386 906 469 equites
934 387 969 450 in
999 386 1098 451 aciem

77 480 236 545 immittit.
282 479 359 547 Non
383 482 472 547 deest
493 483 629 567 negotio
653 480 751 548 Curio
775 504 916 566 suosque
937 482 1098 568 hortatur,
1117 503 1133 549 3

77 582 115 642 ut
139 599 230 661 spem
254 600 380 644 omnem
402 579 436 643 in
459 578 581 645 uirtute
603 585 736 663 ponant.
773 578 824 644 Nc
846 580 1006 645 militibus
1030 580 1098 663 qui-

76 675 161 759 dem,
183 679 221 740 ut
244 675 386 762 defessis,
407 697 511 760 neque
534 677 711 761 equitibus,
732 680 770 741 ut
792 678 903 760 paucis
926 681 959 741 et
988 677 1098 742 labore

76 771 244 857 confectis,
256 773 403 838 studium.
408 773 450 837 ad
458 774 670 858 pugnandum
683 775 850 857 virtusque
865 775 985 859 deerat;
995 774 1050 838 sed
1063 773 1099 839 hi

75 872 172 933 erant
194 891 327 935 numero
353 888 410 956 ce,
432 870 551 954 reliqui
579 870 613 935 in
639 871 754 937 itinere
788 871 1009 936 substiterant.
1054 869 1134 937 Hir

80 988 314 1050 quamcumque
336 967 372 1032 in
398 971 523 1051 partem
548 967 705 1050 impetum
726 968 876 1053 fecerant,
896 968 1009 1034 hostes
1027 969 1097 1033 loco

75 1065 189 1128 cedere
213 1064 381 1149 cogebant,
403 1064 460 1129 sed
480 1086 584 1149 neque
608 1064 739 1149 longius
763 1066 924 1151 fugientes
946 1066 1099 1151 prosequi

78 1183 183 1245 neque
206 1160 425 1227 vehementius
449 1183 548 1246 equos
571 1162 708 1226 incitare
733 1167 891 1246 poterant.
937 1162 983 1227 At
1012 1163 1115 1247 equi-5

78 1262 169 1323 tatus
191 1257 337 1323 hostium
364 1258 405 1323 ab
433 1263 572 1343 utroque
599 1281 699 1323 cornu
727 1260 893 1324 circumire
922 1261 1022 1324 aciem
1043 1281 1099 1324 no-

77 1360 182 1419 stram
205 1358 239 1419 et
266 1376 394 1419 aversos
423 1359 586 1447 [ὥρῃ-ξε
615 1356 737 1440 incipit.
784 1354 866 1421 Cum
888 1357 1036 1422 cohortes
1060 1376 1133 1422 exc

77 1454 147 1518 acie
160 1453 447 1538 procucurrissent,
461 1452 621 1518 Numidae
635 1453 754 1537 integri
769 1454 930 1519 celeritate
944 1455 1100 1539 impetum

77 1555 269 1616 nostrorum
296 1550 508 1635 effugiebant,
535 1571 711 1633 rursusque
738 1551 778 1614 ad
806 1552 933 1617 ordines
961 1573 1037 1616 suos
1066 1573 1100 1615 se

79 1647 271 1732 recipientes
299 1646 510 1711 circumibant
543 1649 576 1711 et
605 1646 645 1710 ab
679 1646 745 1710 acie
777 1647 994 1713 excludebant.
1047 1645 1101 1712 Sic

78 1766 185 1829 neque
213 1744 250 1807 in
275 1745 346 1808 loco
374 1764 502 1809 manere
525 1743 717 1827 ordinesque
745 1765 873 1809 servare
894 1766 999 1828 neque
1027 1767 1099 1829 pro·

77 1863 209 1907 currere
237 1845 269 1906 et
300 1863 410 1906 casum
438 1840 563 1939 subire,
577 1844 687 1905 tutum
717 1840 894 1905 videbatur.
944 1841 1133 1907 Hostiumr

78 1940 193 2023 copiae
222 1938 390 2003 submissis
420 1937 461 2002 ab
488 1958 563 2021 rege
592 1937 720 2001 auxiliis
744 1938 854 2003 erebro
885 1939 1099 2024 augebantur3

80 2043 213 2104 nostros
236 2035 320 2100 vires
343 2033 533 2100 lassitudine
557 2034 756 2121 deficiebant,
779 2035 875 2100 simul
897 2036 932 2122 ii,
954 2037 1010 2121 qui
1032 2039 1100 2102 vul·

81 2156 159 2200 nera
186 2136 386 2217 acceperant,
412 2153 516 2215 neque
545 2132 611 2196 acie
635 2134 784 2197 excedere
805 2154 909 2217 neque
936 2134 1100 2199 inlocum

80 2234 192 2297 tutum
205 2228 317 2293 referri
331 2233 491 2314 poterant,
506 2229 593 2312 quod
605 2233 678 2293 tota
691 2231 774 2294 acies
793 2230 941 2314 equitatu
955 2231 1100 2297 hostium

79 2326 278 2393 circumdata
300 2326 479 2390 tenebatur.
530 2325 575 2389 Hi
604 2327 642 2389 de
671 2348 729 2391 sua
752 2327 868 2408 salute,
886 2328 1135 2416 desperantes,8

81 2429 120 2490 ut
143 2427 286 2488 extremo
309 2423 396 2487 vitae
424 2427 567 2507 tempore
594 2422 743 2489 homines
766 2424 869 2488 facere
896 2433 1101 2514 consuerunt,

81 2526 139 2586 aut
158 2542 250 2585 suam
267 2524 405 2584 mortem
423 2519 660 2585 miserabantur
680 2524 736 2585 aut
755 2526 903 2604 parentes
914 2544 999 2604 ,suos
1018 2546 1100 2589 com-

81 2605 288 2702 mendabant,
320 2617 348 2680 si
380 2638 461 2701 quos
496 2638 535 2680 ex
567 2638 604 2681 eo
632 2617 775 2701 periculo
803 2616 948 2683 Fortuna
975 2642 1100 2686 servare

83 2714 253 2797 potuisset.
297 2712 396 2779 Plena
418 2717 510 2778 erant
533 2715 640 2779 omnia
663 2714 791 2778 timoris
815 2719 847 2780 et
869 2715 984 2780 luctus.

151 2808 314 2874 XXXXH.
369 2809 466 2876 Curio
504 2810 561 2875 ubi
592 2810 773 2895 perterritis
812 2812 962 2877 omnibus
997 2836 1134 2899 nequer

81 2906 324 2973 cohortationes
343 2930 418 2972 suas
435 2930 539 2992 neque
556 2929 666 2992 preces
686 2908 789 2971 audiri
813 2909 982 2994 intellegit,
1004 2917 1102 2977 unam

85 3005 180 3070 utin
206 3003 332 3068 miseris
360 3004 456 3069 rebus
485 3027 575 3088 spem
602 3005 762 3089 reliquam
784 3007 899 3073 salutis
927 3030 996 3072 esse
1019 3011 1101 3075 arbi-

85 3106 191 3166 tratus
214 3101 378 3184 proximos
397 3102 494 3167 colles
513 3123 625 3185 capere
643 3102 811 3167 universos
831 3108 927 3187 atque
947 3128 984 3170 eo
1009 3107 1101 3192 signa

85 3199 162 3263 ferri
180 3197 279 3262 iubet.
315 3197 385 3263 Hos
405 3220 531 3282 quoque
550 3202 762 3283 praeoccupat
785 3200 903 3264 missus
924 3224 942 3264 a
960 3199 1101 3267 Saburra

85 3296 259 3379 equitatus.
296 3294 380 3359 Tum
396 3317 471 3359 vero
491 3296 530 3359 ad
550 3318 708 3360 summam
726 3294 982 3379 desperationem
994 3299 1100 3362 nostri
1120 3321 1135 3367 a

86 3392 277 3476 perveniunt
298 3394 331 3454 et
354 3392 472 3474 partim
494 3392 654 3476 fugientes
674 3390 714 3454 ab
737 3391 883 3474 equitatu
907 3392 1101 3460 interficiun-

85 3494 149 3573 tur,
175 3487 297 3572 partim
324 3487 442 3572 integri
469 3490 693 3572 procumbunt.
739 3485 899 3552 Hortatur
929 3488 1136 3560 Curionema

87 3582 141 3649 On.
156 3583 332 3666 Domitius,
350 3584 529 3666 praefectus
548 3587 703 3670 equitum,
722 3607 794 3648 cum
813 3586 922 3668 paucis
936 3589 1100 3671 equitibus
