2584 4075
343 222 455 277 11111.
475 223 521 299 ur.
559 178 860 277 1111111-11111.
943 183 955 205 ’
1046 199 1122 288 139

91 367 324 432 Alexandriam
340 367 494 452 pervenit.
530 365 570 430 In
581 366 633 430 his
653 371 744 432 erant
757 367 1006 452 legionariorum
1019 367 1109 431 milia
1128 379 1143 425 a

92 464 159 528 tria
192 481 247 549 003
278 464 395 546 reliqui
426 464 611 528 vulneribus
644 485 684 528 ex
710 465 842 548 procliis
871 469 903 529 et
930 465 1040 529 labore
1073 486 1119 557 11

92 561 317 646 magnitudine
343 561 469 625 itineris
497 562 633 626 confecti
656 562 808 646 consequi
837 558 1123 645 111111111111

92 656 290 724 1111011111
308 657 447 722 confisus
465 658 550 722 fama
568 662 852 743 rerumgestarum
869 657 1006 722 infirmis
1021 656 1108 722 auxi·
1127 669 1143 715 3

92 756 149 820 liis
168 754 327 838 proficisci
344 776 411 822 uon
429 755 631 819 dubitaverat
654 778 754 839 aeque
773 778 899 820 omnem
919 755 981 819 sibi
1001 755 1108 819 locum
1185 760 1189 769 '

92 856 206 917 tutum
227 851 296 915 fore
319 851 513 917 existimans.
559 851 771 917 Alexandriae
794 855 832 917 de
849 851 982 936 Pompei
1004 855 1108 915 morte
1127 862 1144 908 4

91 949 262 1036 cognoscit
286 953 382 1033 atque
400 949 447 1013 ibi
465 946 605 1034 primum
623 970 640 1012 e
658 949 733 1013 navi
751 951 914 1034 egrediens
938 950 1109 1013 clamorem

92 1049 238 1113 militum
260 1046 358 1132 audit,
381 1067 462 1128 quos
485 1067 540 1108 rex
562 1047 597 1110 in
621 1048 738 1131 oppido
765 1047 916 1131 praesidii
945 1069 1040 1111 causa
1062 1068 1109 1109 re·

92 1148 247 1232 liquerat,
277 1149 309 1209 et
333 1166 522 1209 concursum
545 1143 584 1208 ad
611 1165 645 1206 se
673 1143 755 1208 fieri·
774 1144 870 1230 videt,
900 1144 985 1227 quod
1007 1144 1109 1207 fasces

93 1242 341 1308 anteferrentur.
376 1240 416 1305 In
437 1241 499 1305 hoc
521 1240 625 1305 omnis
648 1240 822 1305 multitudo
845 1241 1046 1305 maiestatem
1063 1261 1109 1303 11-

94 1342 185 1428 giam
207 1339 308 1403 minui
331 1338 542 1423 praedicabat.
584 1335 655 1402 Hoc
678 1338 788 1403 sedato
811 1339 955 1403 tumultu
982 1338 1109 1402 crebrae
1129 1345 1144 1393 5

94 1437 260 1504 continuis
283 1437 394 1500 diebus
413 1458 452 1500 ex
470 1456 627 1498 concursu
644 1435 862 1499 multitudinis
880 1435 1110 1499 concitationes

95 1536 219 1600 fiebant
249 1534 491 1617 compluresque
522 1530 642 1596 milites
660 1531 710 1594 ’11
742 1531 803 1594 viis
828 1527 925 1595 'urbis
961 1530 1110 1595 omnibus

94 1632 245 1717 partibus
269 1630 552 1694 interficiebantur.

166 1727 264 1794 GVH.
301 1726 423 1803 Quibus
442 1727 538 1792 rebus
553 1725 780 1790 animadversis
794 1726 937 1811 legiones
952 1724 1014 1788 sibi
1031 1725 1109 1810 duas
1130 1735 1143 1780 1

95 1849 138 1891 ex
165 1824 245 1890 Asia
277 1824 388 1889 adduci
416 1824 526 1909 iussit,
553 1844 632 1905 quas
656 1843 695 1886 ex
720 1820 923 1904 Pompeianis
950 1819 1110 1884 militibus

97 1924 285 1989 confecerat.
321 1920 395 2004 Ipse
418 1920 503 1985 enim
524 1919 704 1984 necessario
727 1918 835 1983 etesiis
859 1917 1036 2003 tenebatur,
1055 1918 1112 2001 qui

96 2019 327 2106 navigantibus
335 2017 529 2083 Alexandria
539 2015 620 2081 flant
630 2015 847 2081 adversissimi
856 2015 953 2080 venti.
975 2013 1110 2080 Interim
1126 2026 1145 2071 ³⁹2

97 2116 333 2185 controversias
361 2137 474 2201 regum
502 2116 542 2179 ad
564 2114 720 2197 populum
747 2111 929 2176 Romanum
951 2115 984 2175 et
1007 2111 1046 2175 ad
1069 2133 1112 2198 11,

98 2216 187 2301 quod
209 2218 293 2278 esset
312 2214 433 2299 consul,
451 2212 610 2297 pertinere
629 2211 816 2275 existimans
836 2214 931 2294 atque
952 2231 990 2274 eo
1008 2210 1111 2294 magis

99 2314 206 2379 officio
240 2333 298 2375 suo
327 2311 508 2395 convenire,
535 2309 621 2391 quod
650 2308 813 2391 superiore
845 2306 1013 2371 consulatu
1041 2330 1112 2371 oum

99 2413 192 2496 patre
218 2408 404 2473 Ptolomaeo
436 2411 468 2472 et
483 2406 569 2491 lege
600 2409 632 2468 et
665 2405 943 2469 senatusconsulto
977 2404 1112 2469 societas

98 2509 170 2570 erat
200 2505 298 2589 11111,
328 2502 468 2565 ostendit
501 2501 563 2564 sibi
595 2503 719 2584 placere
752 2523 859 2586 regern
890 2499 1113 2565 Ptolomaeum

99 2608 198 2687 atque
220 2601 288 2665 eius
312 2622 455 2664 sororem
482 2597 687 2684 Cleopatram
714 2598 882 2683 exercitus,
909 2619 990 2681 quos
1017 2597 1113 2662 habe·

100 2701 183 2783 1111,
205 2697 365 2760 dimittere
383 2699 415 2759 et
438 2696 476 2759 de
499 2696 726 2761 controversiis
745 2696 814 2760 iure
837 2696 922 2778 apud
945 2715 979 2757 se
1001 2695 1111 2778 potius

15 2861 20 2864 ,
100 2816 203 2878 quam·
220 2793 304 2856 inter
328 2814 361 2856 11
384 2793 481 2857 armis
504 2793 689 2877 disceptare.

168 2888 282 2955 CVIII.
318 2889 399 2953 Erat
417 2889 453 2953 in
470 2891 694 2973 procuratione
712 2891 803 2976 regni
821 2892 953 2973 propter
974 2892 1112 2955 aetatem
1133 2908 1146 2953 1

101 2987 193 3072 pueri
219 2986 376 3077 nutricius
404 2986 486 3071 eius,
512 2988 676 3053 cunuchus
705 2988 833 3051 nomine
864 2985 1033 3052 Pothinus.
1079 2988 1112 3051 Is

102 3085 241 3169 primum
263 3084 348 3147 inter
370 3104 445 3147 suos
469 3084 560 3166 queri
578 3087 675 3168 atque
692 3084 854 3168 indignari
878 3084 982 3167 coepit
1005 3105 1114 3172 regem

102 3181 142 3244 ad
160 3201 288 3244 causam
306 3179 469 3242 dicendam
486 3180 623 3265 evocari3
642 3180 753 3244 deinde
773 3181 934 3245 adiutores
957 3182 1113 3265 quosdam
1133 3197 1148 3242 a

101 3276 229 3341 consilii
252 3276 302 3340 sui
323 3281 437 3340 nactus
460 3298 498 3340 11
517 3277 602 3361 regis
621 3276 735 3342 amicis
754 3277 929 3341 exercitum
952 3277 1114 3343 aPelusio

102 3374 185 3437 clam
215 3371 443 3436 Alexandriam
474 3373 617 3438 11111111
651 3377 747 3456 atque
779 3373 914 3437 eundem
945 3374 1115 3461 Achillam,

103 3470 192 3534 cuius
207 3491 305 3553 supra
318 3468 530 3557 meminimus,
544 3470 693 3534 omnibus
708 3470 809 3553 copiis
828 3470 987 3553 praefecit.
1020 3470 1115 3535 Hunc
1134 3486 1150 3532 3

103 3566 272 3630 incitatum
290 3565 357 3648 suis
381 3567 413 3629 et
437 3567 522 3651 regis
546 3566 694 3630 inflatum
716 3564 1015 3652 pollicitationibus,
1035 3589 1115 3651 quae
