2584 4075
285 246 396 302 COMM.
417 248 438 302 Ι.
476 247 553 302 CAP.
572 248 868 302 LXXVIII-LXXXI.
1038 251 1082 315 45

63 392 243 476 pabulandi
262 414 357 456 causa
376 391 677 477 animadverterunt,
691 415 760 457 sese
775 392 882 458 subito
899 395 1083 478 proripiunt

63 489 145 555 hora
168 488 298 553 circiter
321 493 412 553 sexta
435 489 576 553 eiusdem
604 490 665 553 diei
694 494 726 554 et
750 512 839 573 spem
865 491 952 555 nacti
974 513 1082 555 morae

65 588 211 651 discessu
232 589 421 651 nostrorum
444 586 592 670 equitum
614 587 677 651 iter
695 588 797 651 facere
815 587 981 671 incipiunt.
1014 586 1083 663 Qua
1100 591 1118 638 4

65 707 99 748 re
122 684 346 748 animadversa
364 680 481 747 Caesar
504 683 626 747 relictis
650 686 875 766 impedimentis
898 707 967 750 carn
985 684 1082 768 legio·

64 781 161 845 nibus
184 781 404 865 subsequitur,
426 780 588 864 praesidio
611 802 728 864 paucas
749 781 896 845 cohortes
915 780 1081 864 relinquit3

65 879 145 943 hora
159 895 190 948 411
209 875 373 961 subsequi,
390 876 597 960 pabulatores
617 877 805 960 equitesque
824 876 966 941 revocari
983 877 1082 940 iubet·
1142 947 1145 952 ⁴

65 975 223 1040 Celeriter
247 974 410 1064 equitatus
434 974 474 1037 ad
502 972 699 1037 cotidianum
722 974 845 1038 itineris
874 974 1015 1039 officium
1036 995 1082 1038 re·

64 1072 213 1138 vertitur.
250 1069 418 1154 Pugnatur
437 1070 553 1134 acriter
572 1072 612 1135 ad
628 1071 841 1136 novissimum
860 1093 982 1158 agmen,
1002 1072 1078 1136 adeo
1098 1083 1114 1131 ὁ

63 1174 101 1234 ut
124 1190 228 1253 paene
250 1171 344 1251 terga
361 1171 560 1252 convertant,
579 1170 821 1253 compluresque
839 1170 968 1255 milites,
986 1170 1082 1233 etiam

64 1266 216 1332 nonnulli
249 1265 468 1349 centuriones,
500 1264 744 1331 interficiuntur.
790 1265 937 1330 Iustabat
969 1286 1083 1350 agmen
1145 1314 1149 1320 .

65 1361 214 1427 Caesaris
240 1367 336 1445 atque
358 1362 544 1428 universum
569 1362 764 1427 imminebat.

131 1457 279 1523 LXXXI.
315 1458 399 1522 Tum
415 1463 492 1522 vero
511 1481 616 1544 neque
634 1461 674 1525 ad
688 1461 918 1544 explorandum
932 1461 1083 1525 idoneum
1102 1474 1115 1521 1

65 1558 173 1622 locum
197 1556 312 1620 castris
338 1556 443 1639 neq'ue
472 1555 512 1619 ad
538 1557 807 1641 progrediendum
829 1557 903 1621 data
929 1557 1082 1620 facultate

63 1654 252 1719 consistunt
283 1652 462 1717 necessario
494 1656 527 1716 et
558 1654 671 1736 procul
708 1653 748 1717 ab
781 1675 864 1736 aqua
899 1657 931 1716 61
966 1657 1082 1717 natura

65 1751 180 1834 iniquo
194 1751 266 1814 loco
285 1753 391 1813 castra
408 1753 542 1833 ponunt.
580 1748 642 1813 Sed
660 1750 762 1813 isdem
780 1750 818 1813 de
836 1750 940 1813 causis
957 1748 1082 1833 Caesar,
1101 1763 1116 1809 a

67 1870 150 1933 quae
183 1869 282 1931 supra
314 1851 389 1910 sunt
417 1847 668 1932 demonstratae,
696 1847 832 1929 amplius
863 1845 986 1929 proelio
1016 1866 1084 1911 non
1136 1893 1137 1896 ,

66 1946 211 2029 lacessit3
240 1948 274 2007 at
301 1966 337 2008 ec
366 1944 416 2007 die
447 1943 653 2007 tabernacula
676 1943 913 2027 statuipassus
936 1948 1083 2029 nonest,

68 2067 132 2129 quo
149 2042 329 2128 paratiores
343 2045 451 2106 essent
471 2041 510 2104 ad
528 2040 759 2126 insequendum
774 2063 892 2126 omnes,
906 2041 972 2105 sive
985 2046 1083 2106 noctu

68 2143 136 2206 sive
152 2140 295 2206 interdiu
313 2143 522 2223 erumperent.
563 2138 616 2202 Illi
635 2139 854 2203 animadverso
869 2139 949 2202 vitio
964 2143 1082 2204 castro·
1102 2154 1117 2200 3
1142 2216 1145 2221 ἱ

67 2262 140 2303 rum
162 2241 236 2302 tota
257 2240 351 2301 nocte
373 2237 568 2300 munitiones
592 2237 759 2318 proferunt
779 2240 945 2320 castraque
968 2237 1082 2301 castris

67 2337 270 2400 convertunt.
301 2331 372 2397 Hoc
389 2333 474 2397 idem
492 2336 622 2415 postero
641 2333 692 2396 die
715 2355 733 2396 a
752 2332 855 2415 prima
873 2332 943 2396 luce
960 2333 1083 2397 faciunt

68 2435 241 2513 totumque
271 2428 307 2492 in
337 2451 374 2493 ea
403 2451 438 2493 re
470 2429 554 2493 diem
584 2432 785 2493 consumunt.
832 2427 894 2493 Sed
926 2421 1118 2512 quantum4

69 2548 165 2611 opere
188 2530 410 2609 processerant
429 2529 461 2590 et
480 2529 584 2591 castra
602 2527 815 2611 protulerant,
837 2529 930 2590 tanto
950 2527 1083 2591 aberant

70 2626 110 2689 ab
129 2646 215 2707 aqua
231 2622 371 2707 longius,
389 2626 421 2686 et
444 2625 605 2706 praesenti
628 2624 712 2687 malo
738 2623 810 2687 aliis
833 2624 926 2688 malis
945 2625 1083 2687 remedia

69 2722 238 2786 dabantur.
282 2717 390 2783 Prima
411 2723 506 2784 nocte
529 2720 667 2802 aquandi
689 2741 784 2784 causa
801 2743 895 2786 nemo
920 2722 1082 2806 egreditur
1101 2734 1116 2781 5

70 2841 108 2882 ex
132 2817 425 2901 castrisqproximo
449 2817 676 2901 diopraesidio
694 2818 862 2883 incastris
883 2820 995 2883 relicto
1014 2819 1083 2881 uni-

69 2937 179 2980 versas
203 2914 253 2995 ad
266 2936 381 2997 aquam
403 2914 511 2998 copias
534 2914 681 3000 educunt,
707 2915 896 2998 pabulatum
923 2915 1083 2979 emittitur

69 3035 172 3077 nemo.
209 3010 271 3075 His
295 3033 348 3075 eos
373 3011 538 3095 suppliciis
561 3012 645 3076 male
667 3012 780 3076 haberi
795 3011 911 3077 Caesar
930 3017 962 3076 et
978 3026 1118 3076 neces-o

70 3110 189 3175 sariam
208 3109 316 3172 subire
335 3109 528 3191 deditionem
546 3132 643 3193 quam
666 3110 788 3192 proelio
808 3111 967 3174 decertare
989 3110 1084 3173 male·

69 3206 135 3270 bat.
181 3204 326 3269 Conatur
348 3210 456 3270 tamen
478 3228 532 3270 eos
555 3206 640 3269 vallo
659 3207 810 3290 fossaque
829 3207 1080 3293 circummunire,

69 3306 106 3366 ut
135 3324 233 3386 quam
260 3302 397 3366 maxime
423 3303 606 3386 repentinas
634 3324 746 3367 eorum
767 3303 950 3386 eruptiones
979 3303 1082 3367 demo-

69 3404 173 3483 retur,
198 3420 262 3482 quo
285 3399 463 3463 necessario
487 3399 694 3463 descensuros
717 3399 931 3464 existimabat.
977 3399 1030 3463 Illi
1052 3404 1118 3463 etr

69 3492 307 3580 inopia‘pabuli
326 3496 453 3560 adducti
468 3500 500 3561 et
519 3518 582 3580 quo
602 3500 709 3560 essent
728 3497 768 3560 ad
785 3501 847 3576 1161
862 3496 1083 3581 cxp,editiores

72 3594 181 3656 omnia
205 3592 376 3656 sarcinaria
398 3593 541 3658 iumenta
563 3594 702 3657 interfici
723 3593 844 3658 iubent.
