2584 4075
305 238 307 242 ’
374 224 486 279 COMM.
506 226 526 279 I.
565 224 641 280 CAP.
661 226 820 280 Vlll—Xll.
1085 229 1106 291 9

84 370 190 434 libera
215 369 349 433 comitia
372 373 467 453 atque
492 370 595 433 omnis
618 371 800 454 respublica
822 372 949 435 senatui
973 373 1106 455 populo-

85 490 151 551 que
173 466 325 531 Romano
348 467 562 549 permittatur.
607 466 695 531 Haec
718 490 783 552 quo
801 468 926 532 facilius
946 469 1104 552 certisque
1123 479 1142 526 1

75 563 335 628 condicionibus
358 563 437 626 fiant
460 566 493 626 et
515 563 718 629 iureiurando
742 566 936 651 sanciantur,
958 569 1014 628 aut
1036 566 1105 648 ipse

84 663 225 745 propius
250 660 378 724 accedat
401 664 457 724 aut
481 682 515 723 se
537 662 681 743 patiatur
704 664 861 746 accedere,
884 663 962 749 fore,
979 662 1029 725 uti
1049 685 1105 745 per

85 759 265 842 conloquia
288 780 397 822 omnes
420 757 656 822 controversiae
678 763 919 842 componantur.

155 855 196 921 X.
234 854 385 939 Acceptis
403 854 562 919 mandatis
576 852 713 919 Roscius
731 876 804 918 cum
818 853 952 920 Caesare
962 853 1105 939 Capuam
1125 866 1138 913 1

83 953 240 1038 pervenit
262 952 372 1035 ibique
395 953 541 1016 consules
564 951 814 1035 Pompeiumque
836 953 973 1038 invenit3
996 957 1105 1036 postu-

84 1052 156 1116 lata
180 1049 329 1115 Caesaris
352 1050 525 1113 renuntiat.
570 1048 624 1112 Illi
651 1047 826 1112 deliberata
851 1072 886 1114 re
911 1051 1140 1133 respondente

86 1148 278 1231 scriptaque
310 1146 349 1209 ad
380 1168 453 1209 eum
483 1146 633 1209 mandata
672 1168 729 1229 per
764 1147 891 1211 eosdem
926 1147 1106 1232 remittunt,

86 1268 232 1331 qnorum
258 1245 336 1308 haec
362 1248 431 1307 erat
455 1265 591 1307 summa:
623 1240 740 1307 Caesar
772 1244 807 1307 in
834 1241 973 1308 Galliam
1004 1254 1140 1307 rever-3

85 1348 225 1429 teretur,
251 1341 399 1405 Arimino
427 1341 600 1425 excederet,
626 1340 783 1404 exercitus
806 1340 995 1425 dimitteret3
1025 1363 1106 1424 quae

87 1444 118 1507 si
145 1442 291 1524 fecisset,
317 1439 506 1523 Pompeium
532 1437 568 1502 in
593 1436 768 1520 Hispanias
795 1438 925 1502 iturum.
970 1437 1140 1523 intercal

87 1538 198 1624 quoad
239 1538 318 1601 fides
359 1541 443 1601 esset
486 1535 561 1599 data
601 1532 769 1598 Caesarem
809 1535 985 1619 facturum,
1025 1557 1106 1618 quae

87 1637 309 1722 polliceretur,
330 1656 397 1698 non
421 1632 663 1697 intermissuros
686 1632 833 1695 consules
856 1631 1106 1716 Pompeiumque

67 1734 236 1802 ‚dilectus

155 1829 213 1895 XI.
251 1828 333 1892 Erat
355 1828 467 1911 iniqua
490 1826 634 1890 condicio
657 1826 831 1911 postulare,
849 1830 886 1890 ut
905 1823 1021 1890 Caesar
1034 1824 1139 1892 Ari-1

86 1929 178 1993 mino
198 1924 362 1988 excederet
381 1926 478 2006 atque
491 1922 527 1986 in
543 1923 742 2007 provinciam
760 1926 982 2008 reverteretur,
998 1922 1106 2006 ipsum

88 2030 121 2091 et
140 2020 328 2108 provincias
345 2023 377 2084 et
394 2019 538 2105 legiones
558 2019 678 2085 alienas
697 2024 818 2106 tenere,
841 2019 1015 2085 exercitum
1031 2019 1107 2086 (lae-

88 2125 172 2188 saris
195 2118 280 2183 velle
308 2118 439 2203 dimitti,
461 2119 563 2198 ipsum
586 2117 720 2182 dilectus
747 2117 877 2204 habere,
905 2118 1049 2202 polliceri
1073 2136 1139 2184 111

87 2222 124 2284 in
140 2214 344 2303 provinciam
361 2215 484 2278 iturum
501 2236 614 2301 neque,
633 2218 707 2280 ante
726 2239 822 2300 quam
836 2217 920 2280 diem
932 2217 1038 2281 iturus
1054 2219 1106 2303 sit,

88 2317 234 2400 definire,
254 2316 301 2398 ut,
320 2312 348 2376 si
365 2315 494 2395 peracto
510 2309 656 2376 Caesaris
676 2313 845 2378 consulatu
862 2336 925 2379 aon
943 2315 1105 2397 profectus

88 2418 186 2500 esset,
208 2410 299 2475 nulla
321 2414 430 2473 tamen
455 2409 612 2474 mendacii
638 2408 794 2493 religione
818 2410 993 2474 obstrictus
1022 2412 1106 2475 vide-

88 2517 194 2594 retur3
218 2512 345 2590 tempus
368 2528 443 2571 vero
467 2506 638 2589 conloquio
660 2527 728 2570 non
750 2506 825 2570 dare
844 2528 948 2591 neque
966 2529 1105 2572 accessu·
1124 2524 1139 2571 3

88 2631 163 2672 rum
186 2603 332 2689 polliceri
358 2624 508 2687 magnam
535 2603 622 2686 pacis
655 2604 908 2686 desperationem
935 2605 1128 2676 adferebat„

88 2705 207 2788 Itaque
239 2701 280 2765 ab
312 2699 460 2765 Arimino
488 2699 531 2764 M.
558 2699 738 2764 Antonium
766 2722 839 2764 cum
866 2701 1052 2766 cohortibus
1082 2717 1141 2765 v4

88 2800 259 2867 Arretium
288 2797 405 2882 mittit3
436 2798 505 2881 ipse
532 2794 673 2861 Arimini
704 2819 777 2861 cum
804 2798 927 2862 duabus
956 2799 1106 2863 subsistit

90 2899 203 2982 ibique
226 2896 377 2960 dilectum
393 2895 512 2958 habere
529 2894 688 2979 instituit,
701 2894 880 2982 Pisaurum,
893 2894 1026 2981 Fanum,
1041 2896 1106 2960 An·

90 3017 206 3059 conam
229 2992 366 3076 singulis
389 2991 576 3055 cohortibus
601 2994 743 3075 occupat.

158 3087 230 3154 ΧΠ.
267 3087 394 3153 Interea
412 3088 529 3153 certior
546 3088 652 3152 factus
666 3087 818 3173 Iguvium
831 3089 1003 3153 Thermum
1017 3111 1105 3171 prae·
1125 3105 1139 3153 1

90 3192 198 3253 torem
219 3186 407 3250 cohortibus
430 3203 454 3248 v
476 3189 594 3271 tenere,
616 3186 770 3268 oppidum
791 3186 926 3269 munire,
952 3186 1106 3250 omnium-

92 3307 155 3369 que
192 3304 262 3348 esse
292 3281 503 3367 Iguvinornm
536 3282 692 3365 optimam
725 3304 801 3366 erga
833 3304 867 3346 se
898 3280 1107 3369 voluntatem,

92 3381 266 3447 Curionem
289 3401 361 3443 cum
383 3380 488 3444 tribus
511 3379 709 3463 cohortibus,
732 3400 812 3461 quas
834 3376 963 3442 Pisauri
986 3380 1017 3439 et
1035 3376 1107 3441 Ari-

91 3479 173 3544 mini
199 3477 350 3561 habebat,
376 3477 486 3540 mittit.
533 3474 632 3540 (iuius
658 3475 796 3539 adventu
824 3474 952 3558 cognito
980 3473 1141 3539 diffisusr

92 3574 260 3657 municipii
282 3574 444 3638 voluntati
465 3572 622 3636 Thermus
646 3571 795 3636 cohortes
819 3594 858 3636 ex
880 3569 959 3634 urbe
984 3571 1107 3635 reducit
